<record><header><identifier>oai:alma.41SLSP_UGE:991000017299705502</identifier><datestamp>2023-12-15T01:25:48Z</datestamp><setSpec>uge_bcen_RapidILL_BOOK</setSpec><setSpec>uge_aaca_RapidILL_BOOK</setSpec><setSpec>uge_abels_RapidILL_BOOK</setSpec><setSpec>uge_dbu_RapidILL_BOOK</setSpec><setSpec>uge_cmu_RapidILL_BOOK</setSpec><setSpec>uge_mail_RapidILL_BOOK</setSpec><setSpec>uge_abbat_RapidILL_BOOK</setSpec><setSpec>UNIGE_ALL</setSpec><setSpec>uge_aobs_RapidILL_BOOK</setSpec><setSpec>uge_acar_RapidILL_BOOK</setSpec></header><metadata>
<record xmlns="http://www.loc.gov/MARC21/slim" xmlns:xsi="http://www.w3.org/2001/XMLSchema-instance" xsi:schemaLocation="http://www.loc.gov/MARC21/slim http://www.loc.gov/standards/marcxml/schema/MARC21slim.xsd"><leader>01761nam a2200457 c 4500</leader><controlfield tag="001">991000017299705502</controlfield><controlfield tag="005">20230217215733.0</controlfield><controlfield tag="008">201011s2007    ne ||||| |||| 00| ||grc d</controlfield><datafield ind1=" " ind2=" " tag="020"><subfield code="a">9004163212</subfield><subfield code="q">hardback : alk. paper</subfield></datafield><datafield ind1=" " ind2=" " tag="020"><subfield code="a">9789004163218</subfield><subfield code="q">hardback : alk. paper</subfield></datafield><datafield ind1=" " ind2=" " tag="035"><subfield code="a">(swissbib)217844189-41slsp_network</subfield></datafield><datafield ind1=" " ind2=" " tag="035"><subfield code="a">217844189</subfield><subfield code="9">ExL</subfield></datafield><datafield ind1=" " ind2=" " tag="035"><subfield code="a">(RERO)R004645454-41slsp</subfield></datafield><datafield ind1=" " ind2=" " tag="035"><subfield code="a">(NEBIS)009370585EBI01</subfield></datafield><datafield ind1=" " ind2=" " tag="035"><subfield code="a">(EXLNZ-41SLSP_NETWORK)991037366679705501</subfield></datafield><datafield ind1=" " ind2=" " tag="040"><subfield code="a">DLC</subfield><subfield code="d">CH-ZuSLS</subfield></datafield><datafield ind1="0" ind2=" " tag="041"><subfield code="a">eng</subfield><subfield code="a">grc</subfield></datafield><datafield ind1="0" ind2="0" tag="050"><subfield code="a">PA4035 $b.P4 2007</subfield></datafield><datafield ind1=" " ind2="7" tag="072"><subfield code="a">gr</subfield><subfield code="2">rero</subfield></datafield><datafield ind1="1" ind2=" " tag="080"><subfield code="a">875PLATO7Ion</subfield></datafield><datafield ind1="0" ind2=" " tag="100"><subfield code="6">880-01</subfield><subfield code="a">Platon</subfield><subfield code="d">0427?-0348? av. J.-C.</subfield><subfield code="0">(IDREF)027076164</subfield><subfield code="4">cre</subfield></datafield><datafield ind1="0" ind2=" " tag="880"><subfield code="a">Plato</subfield><subfield code="d">v427-v347</subfield><subfield code="0">(DE-588)118594893</subfield><subfield code="6">100-01</subfield></datafield><datafield ind1="1" ind2="0" tag="245"><subfield code="a">Ion, or, On the Iliad</subfield><subfield code="c">Plato ; edited with introduction and commentary by Albert Rijksbaron</subfield></datafield><datafield ind1=" " ind2="1" tag="264"><subfield code="a">Leiden</subfield><subfield code="a">Boston</subfield><subfield code="b">Brill</subfield><subfield code="c">2007</subfield></datafield><datafield ind1=" " ind2=" " tag="300"><subfield code="a">xii, 285 p.</subfield></datafield><datafield ind1=" " ind2=" " tag="336"><subfield code="b">txt</subfield><subfield code="2">rdacontent</subfield></datafield><datafield ind1=" " ind2=" " tag="337"><subfield code="b">n</subfield><subfield code="2">rdamedia</subfield></datafield><datafield ind1=" " ind2=" " tag="338"><subfield code="b">nc</subfield><subfield code="2">rdacarrier</subfield></datafield><datafield ind1="1" ind2=" " tag="490"><subfield code="a">Amsterdam studies in classical philology</subfield><subfield code="x">1380-6068</subfield><subfield code="v">vol. 14</subfield></datafield><datafield ind1="1" ind2=" " tag="490"><subfield code="a">Amsterdam studies in Greek philology</subfield><subfield code="v">Vol. 14</subfield></datafield><datafield ind1=" " ind2=" " tag="500"><subfield code="a">Griech. Text mit engl. Kommentar</subfield></datafield><datafield ind1=" " ind2=" " tag="504"><subfield code="a">Includes bibliographical references (p. [271]-280) and indexes</subfield></datafield><datafield ind1="0" ind2="0" tag="600"><subfield code="a">Homer.</subfield><subfield code="t">Iliad</subfield></datafield><datafield ind1="0" ind2="7" tag="600"><subfield code="a">Platon.</subfield><subfield code="t">Ion</subfield><subfield code="0">(RERO)A010133096</subfield><subfield code="2">rero</subfield></datafield><datafield ind1=" " ind2="0" tag="650"><subfield code="a">Aesthetics, Ancient</subfield></datafield><datafield ind1=" " ind2="0" tag="650"><subfield code="a">Poetics</subfield><subfield code="x">History</subfield><subfield code="y">To 1500</subfield></datafield><datafield ind1=" " ind2="7" tag="655"><subfield code="a">Commentaire de texte</subfield><subfield code="0">(IDREF)27790681</subfield><subfield code="2">idref</subfield></datafield><datafield ind1="1" ind2=" " tag="700"><subfield code="a">Rijksbaron, Albert</subfield><subfield code="d">1943-....</subfield><subfield code="0">(DE-588)137080468</subfield></datafield><datafield ind1="1" ind2=" " tag="700"><subfield code="a">Rijksbaron, Albert</subfield><subfield code="d">1943-....</subfield><subfield code="0">(IDREF)029539234</subfield></datafield><datafield ind1=" " ind2="0" tag="830"><subfield code="a">Amsterdam studies in classical philology</subfield><subfield code="v">14</subfield><subfield code="w">(RERO)1425843-41slsp</subfield></datafield><datafield ind1=" " ind2="0" tag="830"><subfield code="a">Amsterdam studies in Greek philology</subfield><subfield code="v">14</subfield><subfield code="w">(NEBIS)000997915EBI01</subfield></datafield><datafield ind1=" " ind2=" " tag="900"><subfield code="a">REROnoselfmerge</subfield></datafield></record>
</metadata></record>