<record><header><identifier>oai:alma.41SLSP_UGE:991000017089705502</identifier><datestamp>2024-09-02T00:05:34Z</datestamp><setSpec>uge_bcen_RapidILL_BOOK</setSpec><setSpec>uge_aaca_RapidILL_BOOK</setSpec><setSpec>uge_abels_RapidILL_BOOK</setSpec><setSpec>uge_dbu_RapidILL_BOOK</setSpec><setSpec>uge_cmu_RapidILL_BOOK</setSpec><setSpec>uge_mail_RapidILL_BOOK</setSpec><setSpec>uge_abbat_RapidILL_BOOK</setSpec><setSpec>UNIGE_ALL</setSpec><setSpec>uge_acar_RapidILL_BOOK</setSpec><setSpec>uge_aobs_RapidILL_BOOK</setSpec></header><metadata>
<record xmlns="http://www.loc.gov/MARC21/slim" xmlns:xsi="http://www.w3.org/2001/XMLSchema-instance" xsi:schemaLocation="http://www.loc.gov/MARC21/slim http://www.loc.gov/standards/marcxml/schema/MARC21slim.xsd"><leader>01827nam a2200445 c 4500</leader><controlfield tag="001">991000017089705502</controlfield><controlfield tag="005">20230502201253.0</controlfield><controlfield tag="008">190911r20011906sz ||||| |||| 00| ||fre d</controlfield><datafield ind1=" " ind2=" " tag="020"><subfield code="a">2825707317</subfield></datafield><datafield ind1=" " ind2=" " tag="035"><subfield code="a">(swissbib)097180572-41slsp_network</subfield></datafield><datafield ind1=" " ind2=" " tag="035"><subfield code="a">097180572</subfield><subfield code="9">ExL</subfield></datafield><datafield ind1=" " ind2=" " tag="035"><subfield code="a">(RERO)R003095675-41slsp</subfield></datafield><datafield ind1=" " ind2=" " tag="035"><subfield code="a">(EXLNZ-41SLSP_NETWORK)991130882809705501</subfield></datafield><datafield ind1=" " ind2=" " tag="040"><subfield code="a">RERO laiuhm</subfield><subfield code="d">CH-ZuSLS</subfield></datafield><datafield ind1=" " ind2=" " tag="044"><subfield code="a">sz</subfield><subfield code="c">ch-ge</subfield></datafield><datafield ind1=" " ind2="7" tag="072"><subfield code="a">me</subfield><subfield code="2">rero</subfield></datafield><datafield ind1=" " ind2="7" tag="072"><subfield code="a">ht</subfield><subfield code="2">rero</subfield></datafield><datafield ind1="1" ind2=" " tag="100"><subfield code="a">Gautier, Léon</subfield><subfield code="c">médecin</subfield><subfield code="0">(RERO)A012337625</subfield><subfield code="4">cre</subfield></datafield><datafield ind1="1" ind2="0" tag="245"><subfield code="a">&lt;&lt;La&gt;&gt; médecine à Genève jusqu'à la fin du dix-huitième siècle</subfield><subfield code="c">Léon Gautier</subfield></datafield><datafield ind1=" " ind2=" " tag="250"><subfield code="a">Réimpression de l'édition originale de 1906 augmentée d'un avant-propos de Jean Starobinski et d'une introd. de Micheline Louis-Courvoisier et Vincent Barras</subfield></datafield><datafield ind1=" " ind2="1" tag="264"><subfield code="a">Chêne-Bourg</subfield><subfield code="b">Georg</subfield><subfield code="c">2001</subfield></datafield><datafield ind1=" " ind2=" " tag="300"><subfield code="a">XXIX, XV, 696 p.</subfield><subfield code="b">ill.</subfield><subfield code="c">23 cm</subfield></datafield><datafield ind1=" " ind2=" " tag="336"><subfield code="b">txt</subfield><subfield code="2">rdacontent</subfield></datafield><datafield ind1=" " ind2=" " tag="337"><subfield code="b">n</subfield><subfield code="2">rdamedia</subfield></datafield><datafield ind1=" " ind2=" " tag="338"><subfield code="b">nc</subfield><subfield code="2">rdacarrier</subfield></datafield><datafield ind1="1" ind2=" " tag="490"><subfield code="a">Bibliothèque d'histoire de la médecine et de la santé</subfield></datafield><datafield ind1=" " ind2=" " tag="534"><subfield code="p">Reprod. de l'éd. de :</subfield><subfield code="c">Genève : J. Jullien : Georg, 1906</subfield></datafield><datafield ind1=" " ind2="2" tag="650"><subfield code="a">History of Medicine, Medieval</subfield></datafield><datafield ind1=" " ind2="2" tag="650"><subfield code="a">History of Medicine, Modern</subfield></datafield><datafield ind1=" " ind2="2" tag="650"><subfield code="a">Physicians</subfield></datafield><datafield ind1=" " ind2="7" tag="650"><subfield code="a">Médecine</subfield><subfield code="0">(IDREF)027887693</subfield><subfield code="2">idref</subfield></datafield><datafield ind1=" " ind2="7" tag="650"><subfield code="a">13e siècle-18e siècle</subfield><subfield code="2">idref</subfield></datafield><datafield ind1=" " ind2="7" tag="650"><subfield code="a">Médecins</subfield><subfield code="0">(IDREF)027239101</subfield><subfield code="2">idref</subfield></datafield><datafield ind1=" " ind2="2" tag="651"><subfield code="a">Switzerland</subfield></datafield><datafield ind1=" " ind2="7" tag="651"><subfield code="a">Genève (Genève, Suisse)</subfield><subfield code="0">(IDREF)02726453X</subfield><subfield code="2">idref</subfield></datafield><datafield ind1=" " ind2="2" tag="655"><subfield code="a">Biography</subfield></datafield><datafield ind1="1" ind2=" " tag="700"><subfield code="a">Starobinski, Jean</subfield><subfield code="d">1920-2019</subfield><subfield code="0">(IDREF)027147452</subfield></datafield><datafield ind1="1" ind2=" " tag="700"><subfield code="a">Louis-Courvoisier, Micheline</subfield><subfield code="c">historienne</subfield><subfield code="d">19..-....</subfield><subfield code="0">(IDREF)029315530</subfield></datafield><datafield ind1="1" ind2=" " tag="700"><subfield code="a">Barras, Vincent</subfield><subfield code="c">traducteur d'ouvrages en musicologie</subfield><subfield code="d">19..-....</subfield><subfield code="0">(IDREF)241521122</subfield></datafield><datafield ind1=" " ind2="0" tag="830"><subfield code="a">Bibliothèque d'histoire de la médecine et de la santé</subfield><subfield code="w">(RERO)R273336760-41slsp</subfield></datafield><datafield ind1=" " ind2=" " tag="900"><subfield code="a">REROnoselfmerge</subfield></datafield></record>
</metadata></record>