<record><header><identifier>oai:alma.41SLSP_UGE:991000016879705502</identifier><datestamp>2023-06-27T00:14:21Z</datestamp><setSpec>uge_bcen_RapidILL_BOOK</setSpec><setSpec>uge_aaca_RapidILL_BOOK</setSpec><setSpec>uge_abels_RapidILL_BOOK</setSpec><setSpec>uge_dbu_RapidILL_BOOK</setSpec><setSpec>uge_cmu_RapidILL_BOOK</setSpec><setSpec>uge_mail_RapidILL_BOOK</setSpec><setSpec>uge_abbat_RapidILL_BOOK</setSpec><setSpec>UNIGE_ALL</setSpec><setSpec>uge_aobs_RapidILL_BOOK</setSpec><setSpec>uge_acar_RapidILL_BOOK</setSpec></header><metadata>
<record xmlns="http://www.loc.gov/MARC21/slim" xmlns:xsi="http://www.w3.org/2001/XMLSchema-instance" xsi:schemaLocation="http://www.loc.gov/MARC21/slim http://www.loc.gov/standards/marcxml/schema/MARC21slim.xsd"><leader>01048nam a2200277 c 4500</leader><controlfield tag="001">991000016879705502</controlfield><controlfield tag="005">20230625140056.0</controlfield><controlfield tag="008">010905s1993    ho ||||| |||| 00| ||spa d</controlfield><datafield ind1=" " ind2=" " tag="035"><subfield code="a">(swissbib)097117927-41slsp_network</subfield></datafield><datafield ind1=" " ind2=" " tag="035"><subfield code="a">097117927</subfield><subfield code="9">ExL</subfield></datafield><datafield ind1=" " ind2=" " tag="035"><subfield code="a">(RERO)R003086555-41slsp</subfield></datafield><datafield ind1=" " ind2=" " tag="035"><subfield code="a">(EXLNZ-41SLSP_NETWORK)991103343529705501</subfield></datafield><datafield ind1=" " ind2=" " tag="040"><subfield code="a">RERO geules</subfield><subfield code="d">CH-ZuSLS</subfield></datafield><datafield ind1=" " ind2="7" tag="072"><subfield code="a">es</subfield><subfield code="2">rero</subfield></datafield><datafield ind1="1" ind2=" " tag="100"><subfield code="a">Argueta, Mario R</subfield><subfield code="c">historien</subfield><subfield code="d">1946-....</subfield><subfield code="0">(IDREF)029612489</subfield><subfield code="4">cre</subfield></datafield><datafield ind1="1" ind2="0" tag="245"><subfield code="a">Diccionario de escritores hondureños</subfield><subfield code="c">Mario Argueta</subfield></datafield><datafield ind1=" " ind2="1" tag="264"><subfield code="a">Tegucigalpa</subfield><subfield code="b">Editorial Universitaria</subfield><subfield code="c">1993</subfield></datafield><datafield ind1=" " ind2=" " tag="300"><subfield code="a">147 p.</subfield><subfield code="b">ill.</subfield><subfield code="c">22 cm</subfield></datafield><datafield ind1=" " ind2=" " tag="336"><subfield code="b">txt</subfield><subfield code="2">rdacontent</subfield></datafield><datafield ind1=" " ind2=" " tag="337"><subfield code="b">n</subfield><subfield code="2">rdamedia</subfield></datafield><datafield ind1=" " ind2=" " tag="338"><subfield code="b">nc</subfield><subfield code="2">rdacarrier</subfield></datafield><datafield ind1="1" ind2=" " tag="490"><subfield code="a">Letras hondureñas</subfield><subfield code="v">61</subfield></datafield><datafield ind1=" " ind2=" " tag="500"><subfield code="a">La page de titre et la première page liminaire portent: Universidad Nacional Autónoma de Honduras</subfield></datafield><datafield ind1=" " ind2="7" tag="650"><subfield code="a">Littérature hondurienne</subfield><subfield code="0">(IDREF)028652320</subfield><subfield code="2">idref</subfield></datafield><datafield ind1=" " ind2="7" tag="650"><subfield code="a">20e siècle</subfield><subfield code="0">(IDREF)086305646</subfield><subfield code="2">idref</subfield></datafield><datafield ind1=" " ind2="7" tag="655"><subfield code="a">Dictionnaires</subfield><subfield code="2">idref</subfield><subfield code="0">(IDREF)027232050</subfield></datafield><datafield ind1=" " ind2="0" tag="830"><subfield code="a">Letras hondureñas</subfield><subfield code="v">61</subfield><subfield code="w">(RERO)1062290-41slsp</subfield></datafield><datafield ind1=" " ind2=" " tag="993"><subfield code="a">BFLA 143612</subfield><subfield code="x">ge/ules/a/01/293</subfield><subfield code="9">LOCAL</subfield></datafield></record>
</metadata></record>