<record><header><identifier>oai:alma.41SLSP_UGE:991000017399705502</identifier><datestamp>2024-11-16T01:16:05Z</datestamp><setSpec>uge_bcen_RapidILL_BOOK</setSpec><setSpec>uge_aaca_RapidILL_BOOK</setSpec><setSpec>uge_abels_RapidILL_BOOK</setSpec><setSpec>uge_dbu_RapidILL_BOOK</setSpec><setSpec>uge_cmu_RapidILL_BOOK</setSpec><setSpec>uge_mail_RapidILL_BOOK</setSpec><setSpec>uge_abbat_RapidILL_BOOK</setSpec><setSpec>UNIGE_ALL</setSpec><setSpec>uge_acar_RapidILL_BOOK</setSpec><setSpec>uge_aobs_RapidILL_BOOK</setSpec></header><metadata>
<record xmlns="http://www.loc.gov/MARC21/slim" xmlns:xsi="http://www.w3.org/2001/XMLSchema-instance" xsi:schemaLocation="http://www.loc.gov/MARC21/slim http://www.loc.gov/standards/marcxml/schema/MARC21slim.xsd"><leader>03529nam a2201009 ca4500</leader><controlfield tag="001">991000017399705502</controlfield><controlfield tag="005">20241115133535.0</controlfield><controlfield tag="008">201011s2002    it ||||| |||| 00| ||ita d</controlfield><datafield ind1=" " ind2=" " tag="020"><subfield code="a">9788890147852</subfield><subfield code="q">vol. 1</subfield></datafield><datafield ind1=" " ind2=" " tag="020"><subfield code="a">9788884970824</subfield><subfield code="q">vol. 1, 2ª ed.</subfield></datafield><datafield ind1=" " ind2=" " tag="020"><subfield code="a">9788884970817</subfield><subfield code="q">vol. 2</subfield></datafield><datafield ind1=" " ind2=" " tag="020"><subfield code="a">9788890147814</subfield><subfield code="q">vol. 3</subfield></datafield><datafield ind1=" " ind2=" " tag="020"><subfield code="a">8890147849</subfield><subfield code="q">vol. 10</subfield></datafield><datafield ind1=" " ind2=" " tag="020"><subfield code="a">9788890147845</subfield><subfield code="c">(vol. 10)</subfield></datafield><datafield ind1=" " ind2=" " tag="020"><subfield code="a">9788890147821</subfield><subfield code="c">(vol. 4)</subfield></datafield><datafield ind1=" " ind2=" " tag="020"><subfield code="a">9788890147807</subfield><subfield code="c">(vol. 5)</subfield></datafield><datafield ind1=" " ind2=" " tag="020"><subfield code="a">9788890147838</subfield><subfield code="c">(vol. 6)</subfield></datafield><datafield ind1=" " ind2=" " tag="020"><subfield code="a">9788890147883</subfield><subfield code="c">(vol. 7)</subfield></datafield><datafield ind1=" " ind2=" " tag="020"><subfield code="a">9788890147876</subfield><subfield code="c">(vol. 8)</subfield></datafield><datafield ind1=" " ind2=" " tag="020"><subfield code="a">9788890147869</subfield><subfield code="c">(vol. 9)</subfield></datafield><datafield ind1=" " ind2=" " tag="020"><subfield code="a">8884970822</subfield><subfield code="c">(vol. 1)</subfield></datafield><datafield ind1=" " ind2=" " tag="020"><subfield code="a">8890147814</subfield><subfield code="c">(vol. 3)</subfield></datafield><datafield ind1=" " ind2=" " tag="020"><subfield code="a">8884970814</subfield><subfield code="c">(vol. 2)</subfield></datafield><datafield ind1=" " ind2=" " tag="020"><subfield code="a">8890147822</subfield><subfield code="c">(vol. 4)</subfield></datafield><datafield ind1=" " ind2=" " tag="035"><subfield code="a">(swissbib)211400327-41slsp_network</subfield></datafield><datafield ind1=" " ind2=" " tag="035"><subfield code="a">211400327</subfield><subfield code="9">ExL</subfield></datafield><datafield ind1=" " ind2=" " tag="035"><subfield code="a">(RERO)R008782511-41slsp</subfield></datafield><datafield ind1=" " ind2=" " tag="035"><subfield code="a">(SBT)000224287SBT01</subfield></datafield><datafield ind1=" " ind2=" " tag="035"><subfield code="a">(NEBIS)004797525EBI01</subfield></datafield><datafield ind1=" " ind2=" " tag="035"><subfield code="a">(ItFiC)it-04062035</subfield></datafield><datafield ind1=" " ind2=" " tag="035"><subfield code="a">(EXLNZ-41SLSP_NETWORK)991036892189705501</subfield></datafield><datafield ind1=" " ind2=" " tag="040"><subfield code="a">RERO geulha</subfield><subfield code="d">CH-ZuSLS</subfield></datafield><datafield ind1=" " ind2=" " tag="050"><subfield code="a">NA</subfield></datafield><datafield ind1=" " ind2="7" tag="072"><subfield code="a">at</subfield><subfield code="2">rero</subfield></datafield><datafield ind1=" " ind2="7" tag="072"><subfield code="a">ur</subfield><subfield code="2">rero</subfield></datafield><datafield ind1="1" ind2="4" tag="082"><subfield code="a">720.945 73</subfield><subfield code="2">22</subfield></datafield><datafield ind1="1" ind2="4" tag="082"><subfield code="a">720</subfield><subfield code="2">21</subfield></datafield><datafield ind1="1" ind2="4" tag="082"><subfield code="a">726</subfield><subfield code="2">21</subfield></datafield><datafield ind1="1" ind2=" " tag="100"><subfield code="a">Ferraro, Italo</subfield><subfield code="c">architecte</subfield><subfield code="d">1941-....</subfield><subfield code="0">(IDREF)124192920</subfield><subfield code="4">cre</subfield></datafield><datafield ind1="1" ind2="0" tag="245"><subfield code="a">Napoli</subfield><subfield code="b">atlante della città storica</subfield><subfield code="c">Italo Ferraro</subfield></datafield><datafield ind1=" " ind2="1" tag="264"><subfield code="a">Naples</subfield><subfield code="b">Ed.Oikos</subfield><subfield code="c">2002-</subfield></datafield><datafield ind1=" " ind2=" " tag="300"><subfield code="b">Ill. en noir et en coul.</subfield><subfield code="c">31 cm</subfield></datafield><datafield ind1=" " ind2=" " tag="336"><subfield code="b">txt</subfield><subfield code="2">rdacontent</subfield></datafield><datafield ind1=" " ind2=" " tag="337"><subfield code="b">n</subfield><subfield code="2">rdamedia</subfield></datafield><datafield ind1=" " ind2=" " tag="338"><subfield code="b">nc</subfield><subfield code="2">rdacarrier</subfield></datafield><datafield ind1=" " ind2=" " tag="500"><subfield code="a">Nuovo editore dal vol. 3: Ed. Oikos</subfield></datafield><datafield ind1=" " ind2=" " tag="500"><subfield code="a">Vol. 1-2 erschienen im Verlag Clean, Napoli</subfield></datafield><datafield ind1="0" ind2="0" tag="505"><subfield code="g">[Vol. 9]</subfield><subfield code="t">Chiaia</subfield></datafield><datafield ind1="0" ind2="0" tag="505"><subfield code="g">[Vol. 8]</subfield><subfield code="t">Vomero</subfield></datafield><datafield ind1="0" ind2="0" tag="505"><subfield code="g">[Vol. 8]</subfield><subfield code="t">Chiaia</subfield></datafield><datafield ind1="0" ind2="0" tag="505"><subfield code="g">[Vol. 9]</subfield><subfield code="t">Vomero</subfield></datafield><datafield ind1="0" ind2="0" tag="505"><subfield code="g">[Vol. 1]</subfield><subfield code="t">Centro Antico</subfield></datafield><datafield ind1="0" ind2="0" tag="505"><subfield code="g">[Vol. 2]</subfield><subfield code="t">Quartieri Bassi e il Risanamento</subfield></datafield><datafield ind1="0" ind2="0" tag="505"><subfield code="g">[Vol. 3]</subfield><subfield code="t">Quartieri spagnoli e &quot;Rione Carità&quot;</subfield></datafield><datafield ind1="0" ind2="0" tag="505"><subfield code="g">[Vol. 4]</subfield><subfield code="t">Dallo Spirito Santo a Mater Dei</subfield></datafield><datafield ind1="0" ind2="0" tag="505"><subfield code="g">[Vol. 5]</subfield><subfield code="t">Stella, Vergini, Sanità</subfield></datafield><datafield ind1="0" ind2="0" tag="505"><subfield code="g">[Vol. 6]</subfield><subfield code="t">San Carlo all'Arena e Sant'Antonio Abate</subfield></datafield><datafield ind1="0" ind2="0" tag="505"><subfield code="g">[Vol. 7]</subfield><subfield code="t">Pizzofalcone e le &quot;Mortelle&quot;</subfield></datafield><datafield ind1="0" ind2="0" tag="505"><subfield code="g">[Vol. 10]</subfield><subfield code="t">Posillipo</subfield></datafield><datafield ind1=" " ind2="7" tag="648"><subfield code="a">Geschichte</subfield><subfield code="2">idszbz</subfield></datafield><datafield ind1=" " ind2="7" tag="650"><subfield code="a">Architecture</subfield><subfield code="0">(IDREF)027228983</subfield><subfield code="2">idref</subfield></datafield><datafield ind1=" " ind2="7" tag="650"><subfield code="a">Urbanisme</subfield><subfield code="0">(IDREF)027254925</subfield><subfield code="2">idref</subfield></datafield><datafield ind1=" " ind2="7" tag="650"><subfield code="a">Monuments</subfield><subfield code="0">(IDREF)027239780</subfield><subfield code="2">idref</subfield></datafield><datafield ind1=" " ind2="7" tag="650"><subfield code="a">Architektur</subfield><subfield code="2">idszbz</subfield></datafield><datafield ind1=" " ind2="7" tag="650"><subfield code="a">Städtebau</subfield><subfield code="2">idszbz</subfield></datafield><datafield ind1=" " ind2="7" tag="650"><subfield code="a">Architektur</subfield><subfield code="0">(DE-588)4002851-3</subfield><subfield code="2">gnd</subfield></datafield><datafield ind1=" " ind2="7" tag="650"><subfield code="a">Städtebau</subfield><subfield code="0">(DE-588)4056795-3</subfield><subfield code="2">gnd</subfield></datafield><datafield ind1=" " ind2="0" tag="650"><subfield code="a">Architecture</subfield><subfield code="z">Italy</subfield><subfield code="z">Naples</subfield></datafield><datafield ind1=" " ind2="0" tag="650"><subfield code="a">Architecture</subfield><subfield code="z">Italy</subfield><subfield code="z">Naples</subfield><subfield code="v">Catalogs</subfield></datafield><datafield ind1=" " ind2="0" tag="650"><subfield code="a">City planning</subfield><subfield code="z">Italy</subfield><subfield code="z">Naples</subfield></datafield><datafield ind1=" " ind2="0" tag="650"><subfield code="a">Historic buildings</subfield><subfield code="z">Italy</subfield><subfield code="z">Naples</subfield><subfield code="v">Catalogs</subfield></datafield><datafield ind1=" " ind2="7" tag="650"><subfield code="a">Urbanistica</subfield><subfield code="z">Napoli</subfield><subfield code="2">sbt12</subfield></datafield><datafield ind1=" " ind2="7" tag="651"><subfield code="a">Naples (Italie)</subfield><subfield code="0">(IDREF)027298728</subfield><subfield code="2">idref</subfield></datafield><datafield ind1=" " ind2="7" tag="651"><subfield code="a">Italien</subfield><subfield code="2">idszbz</subfield></datafield><datafield ind1=" " ind2="7" tag="651"><subfield code="a">Neapel</subfield><subfield code="2">idszbz</subfield></datafield><datafield ind1=" " ind2="7" tag="651"><subfield code="a">Neapel</subfield><subfield code="0">(DE-588)4041476-0</subfield><subfield code="2">gnd</subfield></datafield><datafield ind1=" " ind2="0" tag="651"><subfield code="a">Naples (Italy)</subfield><subfield code="x">Buildings, structures, etc</subfield></datafield><datafield ind1=" " ind2="0" tag="651"><subfield code="a">Naples (Italy)</subfield><subfield code="x">Buildings, structures, etc</subfield><subfield code="v">Catalogs</subfield></datafield><datafield ind1=" " ind2="0" tag="651"><subfield code="a">Naples (Italy)</subfield><subfield code="x">Description and travel</subfield></datafield><datafield ind1=" " ind2="0" tag="651"><subfield code="a">Naples (Italy)</subfield><subfield code="x">History</subfield></datafield><datafield ind1=" " ind2="7" tag="655"><subfield code="a">Atlas</subfield><subfield code="0">(IDREF)027280810</subfield><subfield code="2">idref</subfield></datafield><datafield ind1=" " ind2="7" tag="655"><subfield code="a">Verzeichnis</subfield><subfield code="2">gnd-content</subfield></datafield><datafield ind1=" " ind2="7" tag="655"><subfield code="a">Bildband</subfield><subfield code="2">gnd-content</subfield></datafield><datafield ind1=" " ind2="7" tag="655"><subfield code="a">Handbuch</subfield><subfield code="2">idszbz</subfield></datafield><datafield ind1=" " ind2="7" tag="655"><subfield code="a">Verzeichnis</subfield><subfield code="2">idszbz</subfield></datafield><datafield ind1=" " ind2=" " tag="691"><subfield code="e">711.030(450)</subfield><subfield code="2">usi-TM</subfield></datafield><datafield ind1=" " ind2=" " tag="900"><subfield code="a">REROnoselfmerge</subfield></datafield><datafield ind1=" " ind2=" " tag="900"><subfield code="a">IDSZ2zbzmon200412f</subfield><subfield code="c">IDSZ2bece</subfield><subfield code="d">IDSZ2zbzswk200501b</subfield><subfield code="e">IDSZ2kotr</subfield></datafield><datafield ind1=" " ind2=" " tag="993"><subfield code="a">BFLB 34910</subfield><subfield code="x">ge/ulha/a/18/0521</subfield><subfield code="9">LOCAL</subfield></datafield></record>
</metadata></record>