<record><header><identifier>oai:alma.41SLSP_UGE:991000016589705502</identifier><datestamp>2023-05-10T00:12:01Z</datestamp><setSpec>uge_bcen_RapidILL_BOOK</setSpec><setSpec>uge_aaca_RapidILL_BOOK</setSpec><setSpec>uge_abels_RapidILL_BOOK</setSpec><setSpec>uge_dbu_RapidILL_BOOK</setSpec><setSpec>uge_cmu_RapidILL_BOOK</setSpec><setSpec>uge_mail_RapidILL_BOOK</setSpec><setSpec>uge_abbat_RapidILL_BOOK</setSpec><setSpec>UNIGE_ALL</setSpec><setSpec>uge_aobs_RapidILL_BOOK</setSpec><setSpec>uge_acar_RapidILL_BOOK</setSpec></header><metadata>
<record xmlns="http://www.loc.gov/MARC21/slim" xmlns:xsi="http://www.w3.org/2001/XMLSchema-instance" xsi:schemaLocation="http://www.loc.gov/MARC21/slim http://www.loc.gov/standards/marcxml/schema/MARC21slim.xsd"><leader>01695nam a2200421 c 4500</leader><controlfield tag="001">991000016589705502</controlfield><controlfield tag="005">20230509162912.0</controlfield><controlfield tag="008">201012s2005    sp ||||| |||| 00| ||spa d</controlfield><datafield ind1=" " ind2=" " tag="020"><subfield code="a">8434445220</subfield></datafield><datafield ind1=" " ind2=" " tag="035"><subfield code="a">(swissbib)241199115-41slsp_network</subfield></datafield><datafield ind1=" " ind2=" " tag="035"><subfield code="a">241199115</subfield><subfield code="9">ExL</subfield></datafield><datafield ind1=" " ind2=" " tag="035"><subfield code="a">(RERO)R004097587-41slsp</subfield></datafield><datafield ind1=" " ind2=" " tag="035"><subfield code="a">(IDSBB)003699375DSV01</subfield></datafield><datafield ind1=" " ind2=" " tag="035"><subfield code="a">(EXLNZ-41SLSP_NETWORK)991074850759705501</subfield></datafield><datafield ind1=" " ind2=" " tag="040"><subfield code="a">RERO geueti</subfield><subfield code="d">CH-ZuSLS</subfield></datafield><datafield ind1="0" ind2=" " tag="041"><subfield code="a">spa</subfield><subfield code="a">eng</subfield></datafield><datafield ind1=" " ind2="7" tag="072"><subfield code="a">se</subfield><subfield code="2">rero</subfield></datafield><datafield ind1=" " ind2="7" tag="072"><subfield code="a">es</subfield><subfield code="2">SzZuIDS BS/BE</subfield></datafield><datafield ind1="1" ind2=" " tag="100"><subfield code="a">Alcaraz Varo, Enrique</subfield><subfield code="d">1940-2008</subfield><subfield code="0">(IDREF)028373677</subfield><subfield code="4">cre</subfield></datafield><datafield ind1="1" ind2="0" tag="245"><subfield code="a">Diccionario de términos de marketing, publicidad y medios de comunicación</subfield><subfield code="b">inglés-español, Spanish-English</subfield><subfield code="c">Enrique Alcaraz Varó, Brian Hughes y Miguel Ángel Campos Pardillos</subfield></datafield><datafield ind1=" " ind2=" " tag="250"><subfield code="a">2.a ed. acualizada</subfield></datafield><datafield ind1=" " ind2="1" tag="264"><subfield code="a">Barcelona</subfield><subfield code="b">Ed. Ariel</subfield><subfield code="c">2005</subfield></datafield><datafield ind1=" " ind2=" " tag="300"><subfield code="a">XIX, 525 p.</subfield><subfield code="c">23 cm</subfield></datafield><datafield ind1=" " ind2=" " tag="336"><subfield code="b">txt</subfield><subfield code="2">rdacontent</subfield></datafield><datafield ind1=" " ind2=" " tag="337"><subfield code="b">n</subfield><subfield code="2">rdamedia</subfield></datafield><datafield ind1=" " ind2=" " tag="338"><subfield code="b">nc</subfield><subfield code="2">rdacarrier</subfield></datafield><datafield ind1="1" ind2=" " tag="490"><subfield code="a">Ariel economía</subfield></datafield><datafield ind1=" " ind2="7" tag="650"><subfield code="a">Marketing</subfield><subfield code="0">(IDREF)027476014</subfield><subfield code="2">idref</subfield></datafield><datafield ind1=" " ind2="7" tag="650"><subfield code="a">Médias</subfield><subfield code="0">(IDREF)027237524</subfield><subfield code="2">idref</subfield></datafield><datafield ind1=" " ind2="7" tag="650"><subfield code="a">Publicité</subfield><subfield code="0">(IDREF)02726629X</subfield><subfield code="2">idref</subfield></datafield><datafield ind1=" " ind2="7" tag="650"><subfield code="a">Wirtschaftssprache</subfield><subfield code="z">spanische</subfield><subfield code="v">Wörterbuch (mehrsprachig)</subfield><subfield code="2">idsbb</subfield></datafield><datafield ind1=" " ind2="7" tag="650"><subfield code="a">Wirtschaftssprache</subfield><subfield code="z">englische</subfield><subfield code="v">Wörterbuch (mehrsprachig)</subfield><subfield code="2">idsbb</subfield></datafield><datafield ind1=" " ind2="7" tag="650"><subfield code="a">Spanische Sprache</subfield><subfield code="x">Fachsprache</subfield><subfield code="v">Wörterbuch (mehrsprachig)</subfield><subfield code="2">idsbb</subfield></datafield><datafield ind1=" " ind2="7" tag="650"><subfield code="a">Englische Sprache</subfield><subfield code="x">Fachsprache</subfield><subfield code="v">Wörterbuch (mehrsprachig)</subfield><subfield code="2">idsbb</subfield></datafield><datafield ind1=" " ind2="7" tag="655"><subfield code="a">Dictionnaires</subfield><subfield code="0">(IDREF)027232050</subfield><subfield code="2">idref</subfield></datafield><datafield ind1="1" ind2=" " tag="700"><subfield code="a">Campos Pardillos, Miguel Ángel</subfield></datafield><datafield ind1="1" ind2=" " tag="700"><subfield code="a">Campos, Miguel Ángel</subfield><subfield code="0">(RERO)A005999725</subfield></datafield><datafield ind1="1" ind2=" " tag="700"><subfield code="a">Hughes, Brian</subfield><subfield code="0">(RERO)A003388649</subfield></datafield><datafield ind1=" " ind2="0" tag="830"><subfield code="a">Ariel economía</subfield><subfield code="w">(RERO)1918648-41slsp</subfield></datafield></record>
</metadata></record>