<record><header><identifier>oai:alma.41SLSP_UGE:991000017109705502</identifier><datestamp>2023-09-15T03:37:52Z</datestamp><setSpec>uge_bcen_RapidILL_BOOK</setSpec><setSpec>uge_aaca_RapidILL_BOOK</setSpec><setSpec>uge_abels_RapidILL_BOOK</setSpec><setSpec>uge_dbu_RapidILL_BOOK</setSpec><setSpec>uge_cmu_RapidILL_BOOK</setSpec><setSpec>uge_mail_RapidILL_BOOK</setSpec><setSpec>uge_abbat_RapidILL_BOOK</setSpec><setSpec>UNIGE_ALL</setSpec><setSpec>uge_acar_RapidILL_BOOK</setSpec><setSpec>uge_aobs_RapidILL_BOOK</setSpec></header><metadata>
<record xmlns="http://www.loc.gov/MARC21/slim" xmlns:xsi="http://www.w3.org/2001/XMLSchema-instance" xsi:schemaLocation="http://www.loc.gov/MARC21/slim http://www.loc.gov/standards/marcxml/schema/MARC21slim.xsd"><leader>00968ncm a22002777c 4500</leader><controlfield tag="001">991000017109705502</controlfield><controlfield tag="005">20201222185930.0</controlfield><controlfield tag="008">110122nuuuuuuuugw ||l |            ger d</controlfield><datafield ind1="2" ind2="2" tag="028"><subfield code="a">9817</subfield></datafield><datafield ind1=" " ind2=" " tag="035"><subfield code="a">(swissbib)113592000-41slsp_network</subfield></datafield><datafield ind1=" " ind2=" " tag="035"><subfield code="a">113592000</subfield><subfield code="9">ExL</subfield></datafield><datafield ind1=" " ind2=" " tag="035"><subfield code="a">(RERO)R006025053-41slsp</subfield></datafield><datafield ind1=" " ind2=" " tag="035"><subfield code="a">(EXLNZ-41SLSP_NETWORK)991028000679705501</subfield></datafield><datafield ind1=" " ind2=" " tag="040"><subfield code="a">RERO geulmu</subfield><subfield code="d">CH-ZuSLS</subfield></datafield><datafield ind1=" " ind2="7" tag="072"><subfield code="a">mu</subfield><subfield code="2">rero</subfield></datafield><datafield ind1="1" ind2=" " tag="100"><subfield code="a">Wagner, Richard</subfield><subfield code="d">1813-1883</subfield><subfield code="0">(IDREF)027191451</subfield><subfield code="4">cre</subfield></datafield><datafield ind1="1" ind2="0" tag="245"><subfield code="a">Tannhäuser und Der Sängerkrieg auf Wartburg</subfield><subfield code="c">Richard Wagner ; Klavierauszug mit Text von Felix Mottl</subfield></datafield><datafield ind1=" " ind2="1" tag="264"><subfield code="a">Frankfurt</subfield><subfield code="b">Peters</subfield><subfield code="c">[date de publication non identifiée]</subfield></datafield><datafield ind1=" " ind2=" " tag="300"><subfield code="a">1 partition chant et piano (262 p.)</subfield></datafield><datafield ind1=" " ind2=" " tag="336"><subfield code="b">ntm</subfield><subfield code="2">rdacontent</subfield></datafield><datafield ind1=" " ind2=" " tag="337"><subfield code="b">n</subfield><subfield code="2">rdamedia</subfield></datafield><datafield ind1=" " ind2=" " tag="338"><subfield code="b">nc</subfield><subfield code="2">rdacarrier</subfield></datafield><datafield ind1=" " ind2=" " tag="500"><subfield code="a">Formation: solistes vocaux, choeur, piano</subfield></datafield><datafield ind1=" " ind2=" " tag="500"><subfield code="a">Réduction pour chant et piano</subfield></datafield><datafield ind1="0" ind2=" " tag="505"><subfield code="a">[Tannhäuser. WWV 70]</subfield></datafield><datafield ind1="1" ind2=" " tag="700"><subfield code="a">Mottl, Felix</subfield><subfield code="0">(RERO)A003613600</subfield></datafield><datafield ind1=" " ind2=" " tag="900"><subfield code="a">REROnoselfmerge</subfield></datafield><datafield ind1=" " ind2=" " tag="960"><subfield code="2">matmu</subfield><subfield code="a">Allemagne ; XIXe ; Romantisme ; Opéras</subfield><subfield code="9">LOCAL</subfield></datafield></record>
</metadata></record>