<record><header><identifier>oai:alma.41SLSP_UGE:991000017209705502</identifier><datestamp>2023-05-23T00:12:23Z</datestamp><setSpec>uge_bcen_RapidILL_BOOK</setSpec><setSpec>uge_aaca_RapidILL_BOOK</setSpec><setSpec>uge_abels_RapidILL_BOOK</setSpec><setSpec>uge_dbu_RapidILL_BOOK</setSpec><setSpec>uge_cmu_RapidILL_BOOK</setSpec><setSpec>uge_mail_RapidILL_BOOK</setSpec><setSpec>uge_abbat_RapidILL_BOOK</setSpec><setSpec>UNIGE_ALL</setSpec><setSpec>uge_aobs_RapidILL_BOOK</setSpec><setSpec>uge_acar_RapidILL_BOOK</setSpec></header><metadata>
<record xmlns="http://www.loc.gov/MARC21/slim" xmlns:xsi="http://www.w3.org/2001/XMLSchema-instance" xsi:schemaLocation="http://www.loc.gov/MARC21/slim http://www.loc.gov/standards/marcxml/schema/MARC21slim.xsd"><leader>01474nam a2200373 c 4500</leader><controlfield tag="001">991000017209705502</controlfield><controlfield tag="005">20230516183843.0</controlfield><controlfield tag="008">990625s1977    xxc||||| |||| 10| ||chi d</controlfield><datafield ind1=" " ind2=" " tag="020"><subfield code="a">088854023X</subfield></datafield><datafield ind1=" " ind2=" " tag="035"><subfield code="a">(swissbib)094627185-41slsp_network</subfield></datafield><datafield ind1=" " ind2=" " tag="035"><subfield code="a">094627185</subfield><subfield code="9">ExL</subfield></datafield><datafield ind1=" " ind2=" " tag="035"><subfield code="a">(RERO)R253297160-41slsp</subfield></datafield><datafield ind1=" " ind2=" " tag="035"><subfield code="a">(EXLNZ-41SLSP_NETWORK)991118990109705501</subfield></datafield><datafield ind1=" " ind2=" " tag="040"><subfield code="a">RERO geulch</subfield><subfield code="d">CH-ZuSLS</subfield></datafield><datafield ind1="0" ind2=" " tag="041"><subfield code="a">chi</subfield><subfield code="a">eng</subfield></datafield><datafield ind1=" " ind2="7" tag="072"><subfield code="a">ar</subfield><subfield code="2">rero</subfield></datafield><datafield ind1=" " ind2="7" tag="072"><subfield code="a">or</subfield><subfield code="2">rero</subfield></datafield><datafield ind1="0" ind2="0" tag="245"><subfield code="a">&lt;&lt;The&gt;&gt; Menzies collection of Shang dynasty oracle bones</subfield><subfield code="b">= Mingyishi shoucang jiagu shi wen pian</subfield><subfield code="c">[ed. by] Hsü Chin-hsiung</subfield></datafield><datafield ind1="1" ind2=" " tag="246"><subfield code="a">Mingyishi shoucang jiagu shi wen pian</subfield></datafield><datafield ind1=" " ind2="1" tag="264"><subfield code="a">Toronto [etc.]</subfield><subfield code="b">Royal Ontario Museum [etc.]</subfield><subfield code="c">1977</subfield></datafield><datafield ind1=" " ind2=" " tag="300"><subfield code="a">XXXVI, 250 p.</subfield><subfield code="b">ill.</subfield><subfield code="c">32 cm</subfield></datafield><datafield ind1=" " ind2=" " tag="336"><subfield code="b">txt</subfield><subfield code="2">rdacontent</subfield></datafield><datafield ind1=" " ind2=" " tag="337"><subfield code="b">n</subfield><subfield code="2">rdamedia</subfield></datafield><datafield ind1=" " ind2=" " tag="338"><subfield code="b">nc</subfield><subfield code="2">rdacarrier</subfield></datafield><datafield ind1="0" ind2=" " tag="505"><subfield code="a">Vol. 2, The text</subfield></datafield><datafield ind1="1" ind2="7" tag="600"><subfield code="a">Menzies, Stephen</subfield><subfield code="d">1952-....</subfield><subfield code="0">(IDREF)16904145X</subfield><subfield code="2">idref</subfield></datafield><datafield ind1="2" ind2="7" tag="610"><subfield code="a">Royal Ontario Museum (Toronto)</subfield><subfield code="0">(RERO)A009961517</subfield><subfield code="2">rero</subfield></datafield><datafield ind1=" " ind2="7" tag="650"><subfield code="a">collection</subfield><subfield code="0">(RERO)A009971137</subfield><subfield code="2">rerovoc</subfield></datafield><datafield ind1=" " ind2="7" tag="650"><subfield code="a">Oracles</subfield><subfield code="0">(IDREF)027583503</subfield><subfield code="2">idref</subfield></datafield><datafield ind1=" " ind2="7" tag="650"><subfield code="a">Inscriptions chinoises</subfield><subfield code="0">(IDREF)02785812X</subfield><subfield code="2">idref</subfield></datafield><datafield ind1=" " ind2="7" tag="655"><subfield code="a">Catalogues</subfield><subfield code="0">(IDREF)027793222</subfield><subfield code="2">idref</subfield></datafield><datafield ind1=" " ind2="7" tag="651"><subfield code="a">Chine</subfield><subfield code="y">1766-1122 av. J.-C. (Dynastie des Shang)</subfield><subfield code="0">(IDREF)030715555</subfield><subfield code="2">idref</subfield></datafield><datafield ind1="1" ind2=" " tag="700"><subfield code="a">Xu, Jinxiong</subfield><subfield code="d">1941-...</subfield><subfield code="0">(IDREF)197408613</subfield></datafield><datafield ind1="2" ind2=" " tag="710"><subfield code="a">University of Hong Kong</subfield><subfield code="0">(IDREF)029753635</subfield></datafield><datafield ind1="2" ind2=" " tag="710"><subfield code="a">Royal Ontario Museum (Toronto)</subfield><subfield code="0">(RERO)A000186088</subfield></datafield></record>
</metadata></record>