<record><header><identifier>oai:alma.41SLSP_UGE:991000016479705502</identifier><datestamp>2023-03-01T01:09:09Z</datestamp><setSpec>uge_bcen_RapidILL_BOOK</setSpec><setSpec>uge_aaca_RapidILL_BOOK</setSpec><setSpec>uge_abels_RapidILL_BOOK</setSpec><setSpec>uge_dbu_RapidILL_BOOK</setSpec><setSpec>uge_cmu_RapidILL_BOOK</setSpec><setSpec>uge_mail_RapidILL_BOOK</setSpec><setSpec>UNIGE_ALL</setSpec><setSpec>uge_abbat_RapidILL_BOOK</setSpec><setSpec>uge_acar_RapidILL_BOOK</setSpec><setSpec>uge_aobs_RapidILL_BOOK</setSpec></header><metadata>
<record xmlns="http://www.loc.gov/MARC21/slim" xmlns:xsi="http://www.w3.org/2001/XMLSchema-instance" xsi:schemaLocation="http://www.loc.gov/MARC21/slim http://www.loc.gov/standards/marcxml/schema/MARC21slim.xsd"><leader>01319nam a2200289 c 4500</leader><controlfield tag="001">991000016479705502</controlfield><controlfield tag="005">20230223202433.0</controlfield><controlfield tag="008">001119s1999    xxu||||| |||| 10| ||eng d</controlfield><datafield ind1=" " ind2=" " tag="035"><subfield code="a">(swissbib)096247703-41slsp_network</subfield></datafield><datafield ind1=" " ind2=" " tag="035"><subfield code="a">096247703</subfield><subfield code="9">ExL</subfield></datafield><datafield ind1=" " ind2=" " tag="035"><subfield code="a">(RERO)R277728360-41slsp</subfield></datafield><datafield ind1=" " ind2=" " tag="035"><subfield code="a">(EXLNZ-41SLSP_NETWORK)991021977999705501</subfield></datafield><datafield ind1=" " ind2=" " tag="040"><subfield code="a">RERO geucue</subfield><subfield code="d">CH-ZuSLS</subfield></datafield><datafield ind1=" " ind2="7" tag="072"><subfield code="a">se</subfield><subfield code="2">rero</subfield></datafield><datafield ind1="0" ind2="0" tag="245"><subfield code="a">New equilibria in the energy markets</subfield><subfield code="b">the role of new regions and areas : 22nd IAEE annual international conference... Rome, Italy, 9-12 June 1999</subfield><subfield code="c">International Association for Energy Economics ; [General conf. chair : Edgardo Curcio]</subfield></datafield><datafield ind1=" " ind2="1" tag="264"><subfield code="a">Cleveland</subfield><subfield code="b">International Association for Energy Economists</subfield><subfield code="c">1999</subfield></datafield><datafield ind1=" " ind2=" " tag="300"><subfield code="a">2 vol.</subfield><subfield code="b">ill.</subfield><subfield code="c">30 cm</subfield></datafield><datafield ind1=" " ind2=" " tag="336"><subfield code="b">txt</subfield><subfield code="2">rdacontent</subfield></datafield><datafield ind1=" " ind2=" " tag="337"><subfield code="b">n</subfield><subfield code="2">rdamedia</subfield></datafield><datafield ind1=" " ind2=" " tag="338"><subfield code="b">nc</subfield><subfield code="2">rdacarrier</subfield></datafield><datafield ind1=" " ind2="7" tag="650"><subfield code="a">Énergie</subfield><subfield code="0">(IDREF)027226271</subfield><subfield code="2">idref</subfield></datafield><datafield ind1=" " ind2="7" tag="650"><subfield code="a">Politique économique</subfield><subfield code="0">(IDREF)027479358</subfield><subfield code="2">idref</subfield></datafield><datafield ind1=" " ind2="7" tag="650"><subfield code="a">Marchés (économie politique)</subfield><subfield code="0">(IDREF)171379500</subfield><subfield code="2">idref</subfield></datafield><datafield ind1=" " ind2="7" tag="655"><subfield code="a">Actes de congrès</subfield><subfield code="0">(IDREF)02886431X</subfield><subfield code="2">idref</subfield></datafield><datafield ind1="1" ind2=" " tag="700"><subfield code="a">Curci, Edgardo</subfield><subfield code="0">(RERO)A006236172</subfield></datafield><datafield ind1="2" ind2=" " tag="710"><subfield code="a">International Association of Energy Economists</subfield><subfield code="0">(RERO)A000088814</subfield></datafield><datafield ind1="2" ind2=" " tag="710"><subfield code="a">International Association of Energy Economists</subfield><subfield code="b">International Conference</subfield><subfield code="n">22</subfield><subfield code="d">1999</subfield><subfield code="c">Roma</subfield><subfield code="0">(RERO)A012491291</subfield></datafield><datafield ind1=" " ind2=" " tag="900"><subfield code="a">REROnoselfmerge</subfield></datafield></record>
</metadata></record>