<record><header><identifier>oai:alma.41SLSP_UGE:991000016999705502</identifier><datestamp>2023-04-23T00:11:11Z</datestamp><setSpec>uge_bcen_RapidILL_BOOK</setSpec><setSpec>uge_aaca_RapidILL_BOOK</setSpec><setSpec>uge_abels_RapidILL_BOOK</setSpec><setSpec>uge_dbu_RapidILL_BOOK</setSpec><setSpec>uge_cmu_RapidILL_BOOK</setSpec><setSpec>uge_mail_RapidILL_BOOK</setSpec><setSpec>uge_abbat_RapidILL_BOOK</setSpec><setSpec>UNIGE_ALL</setSpec><setSpec>uge_aobs_RapidILL_BOOK</setSpec><setSpec>uge_acar_RapidILL_BOOK</setSpec></header><metadata>
<record xmlns="http://www.loc.gov/MARC21/slim" xmlns:xsi="http://www.w3.org/2001/XMLSchema-instance" xsi:schemaLocation="http://www.loc.gov/MARC21/slim http://www.loc.gov/standards/marcxml/schema/MARC21slim.xsd"><leader>04015nam a2200757 c 4500</leader><controlfield tag="001">991000016999705502</controlfield><controlfield tag="005">20230422210512.0</controlfield><controlfield tag="008">201011s2012    sz       ||||i100 ||eng|d</controlfield><datafield ind1=" " ind2=" " tag="020"><subfield code="a">9241209658</subfield></datafield><datafield ind1=" " ind2=" " tag="020"><subfield code="a">9789241209656</subfield></datafield><datafield ind1=" " ind2=" " tag="035"><subfield code="a">(swissbib)22924355X-41slsp_network</subfield></datafield><datafield ind1=" " ind2=" " tag="035"><subfield code="a">22924355X</subfield><subfield code="9">ExL</subfield></datafield><datafield ind1=" " ind2=" " tag="035"><subfield code="a">(NEBIS)011131557EBI01</subfield></datafield><datafield ind1=" " ind2=" " tag="035"><subfield code="a">(RERO)R008105330-41slsp</subfield></datafield><datafield ind1=" " ind2=" " tag="035"><subfield code="a">(OCoLC)808811919</subfield></datafield><datafield ind1=" " ind2=" " tag="035"><subfield code="a">(EXLNZ-41SLSP_NETWORK)991052424649705501</subfield></datafield><datafield ind1=" " ind2=" " tag="040"><subfield code="a">NUI</subfield><subfield code="b">eng</subfield><subfield code="e">rda</subfield><subfield code="d">CH-ZuSLS</subfield></datafield><datafield ind1=" " ind2=" " tag="044"><subfield code="a">sz</subfield><subfield code="c">ch-ge</subfield></datafield><datafield ind1="1" ind2=" " tag="050"><subfield code="a">RA8</subfield><subfield code="b">.A25 no. 965</subfield></datafield><datafield ind1=" " ind2="7" tag="072"><subfield code="a">me</subfield><subfield code="2">rero</subfield></datafield><datafield ind1=" " ind2="7" tag="072"><subfield code="a">pa</subfield><subfield code="2">rero</subfield></datafield><datafield ind1="2" ind2=" " tag="110"><subfield code="a">Weltgesundheitsorganisation</subfield><subfield code="b">Expert Committee on the Selection and Use of Essential Medicines</subfield><subfield code="0">(DE-588)5552869-7</subfield><subfield code="e">Verfasser</subfield><subfield code="4">aut</subfield></datafield><datafield ind1="1" ind2="0" tag="245"><subfield code="a">&lt;&lt;The&gt;&gt; selection and use of essential medicines</subfield><subfield code="b">report of the WHO Expert Committee, 2011 (including the 17th WHO Model List of Essential Medicines and the 3rd WHO Model List of Essential Medicines for Children)</subfield></datafield><datafield ind1="1" ind2="3" tag="246"><subfield code="a">17th WHO Model List of Essential Medicines</subfield></datafield><datafield ind1="1" ind2="3" tag="246"><subfield code="a">Seventeenth WHO Model List of Essential Medicines</subfield></datafield><datafield ind1="1" ind2="3" tag="246"><subfield code="a">3rd WHO Model List of Essential Medicines for Children</subfield></datafield><datafield ind1="1" ind2="3" tag="246"><subfield code="a">Third WHO Model List of Essential Medicines for Children</subfield></datafield><datafield ind1=" " ind2="1" tag="264"><subfield code="a">Geneva</subfield><subfield code="b">World Health Organization</subfield><subfield code="c">[2012]</subfield></datafield><datafield ind1=" " ind2=" " tag="300"><subfield code="a">249 p. : ill.</subfield><subfield code="c">24 cm.</subfield></datafield><datafield ind1=" " ind2=" " tag="336"><subfield code="b">txt</subfield><subfield code="2">rdacontent</subfield></datafield><datafield ind1=" " ind2=" " tag="337"><subfield code="b">n</subfield><subfield code="2">rdamedia</subfield></datafield><datafield ind1=" " ind2=" " tag="338"><subfield code="b">nc</subfield><subfield code="2">rdacarrier</subfield></datafield><datafield ind1="1" ind2=" " tag="490"><subfield code="a">WHO technical report series</subfield><subfield code="v">965</subfield></datafield><datafield ind1=" " ind2=" " tag="500"><subfield code="a">The 18th Meeting of the WHO Expert Committee on the Selection and Use of Essential Medicine took place in Accra, Ghana on 21-25 March 2011</subfield></datafield><datafield ind1=" " ind2=" " tag="500"><subfield code="a">Introd.: &quot;The 18th Meeting of the WHO Expert Committee on the Selection and Use of Essential Medicines was held from 21 to 25 March 2011, in Accra, Ghana.&quot; (p.1)</subfield></datafield><datafield ind1=" " ind2=" " tag="504"><subfield code="a">Includes bibliographical references (pages 227-249)</subfield></datafield><datafield ind1=" " ind2=" " tag="504"><subfield code="a">17th WHO model list of essential medecines</subfield></datafield><datafield ind1=" " ind2=" " tag="504"><subfield code="a">3rd WHO model list of essential medicines for children</subfield></datafield><datafield ind1=" " ind2="0" tag="650"><subfield code="a">Drugs</subfield><subfield code="x">Standards</subfield><subfield code="v">Congresses</subfield></datafield><datafield ind1=" " ind2="0" tag="650"><subfield code="a">Medicine</subfield><subfield code="v">Formulae, receipts, prescriptions</subfield><subfield code="v">Congresses</subfield></datafield><datafield ind1=" " ind2="0" tag="650"><subfield code="a">Drug utilization</subfield><subfield code="x">Standards</subfield><subfield code="v">Congresses</subfield></datafield><datafield ind1=" " ind2="2" tag="650"><subfield code="a">Drugs, Essential</subfield><subfield code="x">administration &amp; dosage</subfield><subfield code="0">(DNLM)D018954Q000008</subfield></datafield><datafield ind1=" " ind2="2" tag="650"><subfield code="a">Drug Information Services</subfield><subfield code="0">(DNLM)D004346</subfield></datafield><datafield ind1=" " ind2="2" tag="650"><subfield code="a">Drug Utilization</subfield><subfield code="x">standards</subfield><subfield code="0">(DNLM)D004363Q000592</subfield></datafield><datafield ind1=" " ind2="2" tag="650"><subfield code="a">Formularies as Topic</subfield><subfield code="0">(DNLM)D005569</subfield></datafield><datafield ind1=" " ind2="2" tag="650"><subfield code="a">Pharmaceutical Preparations</subfield><subfield code="x">standards</subfield><subfield code="0">(DNLM)D004364Q000592</subfield></datafield><datafield ind1=" " ind2="7" tag="650"><subfield code="a">ARZNEIMITTELGLIEDERUNG NACH IHRER HAUPTWIRKUNG</subfield><subfield code="9">ger</subfield><subfield code="0">(ETHUDK)000026663</subfield><subfield code="2">ethudk</subfield></datafield><datafield ind1=" " ind2="7" tag="650"><subfield code="a">ARZNEIMITTELVERABREICHUNG + ARZNEIMITTELANWENDUNGSFORMEN (PHARMAKOLOGIE)</subfield><subfield code="9">ger</subfield><subfield code="0">(ETHUDK)000026638</subfield><subfield code="2">ethudk</subfield></datafield><datafield ind1=" " ind2="7" tag="650"><subfield code="a">DOSIS-WIRKUNG BEZIEHUNG UND DOSIMETRIE (PHARMAKOLOGIE)</subfield><subfield code="9">ger</subfield><subfield code="0">(ETHUDK)000026628</subfield><subfield code="2">ethudk</subfield></datafield><datafield ind1=" " ind2="7" tag="650"><subfield code="a">LISTEN, AUFSTELLUNGEN IM ALLGEMEINEN (DOKUMENTENTYP)</subfield><subfield code="9">ger</subfield><subfield code="0">(ETHUDK)000000109</subfield><subfield code="2">ethudk</subfield></datafield><datafield ind1=" " ind2="0" tag="650"><subfield code="a">Formularies</subfield><subfield code="x">Standards</subfield></datafield><datafield ind1=" " ind2="0" tag="650"><subfield code="a">Medicine</subfield><subfield code="x">Standards</subfield></datafield><datafield ind1=" " ind2="7" tag="650"><subfield code="a">Médicaments essentiels</subfield><subfield code="0">(IDREF)028002571</subfield><subfield code="2">idref</subfield></datafield><datafield ind1=" " ind2="7" tag="650"><subfield code="a">Services de documentation</subfield><subfield code="0">(IDREF)027282686</subfield><subfield code="2">idref</subfield></datafield><datafield ind1=" " ind2="7" tag="650"><subfield code="a">Médicaments</subfield><subfield code="0">(IDREF)027239144</subfield><subfield code="2">idref</subfield></datafield><datafield ind1=" " ind2="7" tag="650"><subfield code="a">Usage des médicaments</subfield><subfield code="0">(IDREF)030362431</subfield><subfield code="2">idref</subfield></datafield><datafield ind1=" " ind2="7" tag="650"><subfield code="a">Préparations magistrales</subfield><subfield code="0">(IDREF)027744302</subfield><subfield code="2">idref</subfield></datafield><datafield ind1=" " ind2="7" tag="650"><subfield code="a">Classification</subfield><subfield code="0">(IDREF)02722337X</subfield><subfield code="2">idref</subfield></datafield><datafield ind1=" " ind2="7" tag="650"><subfield code="a">Pharmacopée</subfield><subfield code="0">(IDREF)030943736</subfield><subfield code="2">idref</subfield></datafield><datafield ind1=" " ind2="7" tag="655"><subfield code="a">Konferenzschrift</subfield><subfield code="z">Accra</subfield><subfield code="y">2011</subfield><subfield code="2">gnd-content</subfield></datafield><datafield ind1=" " ind2="7" tag="655"><subfield code="a">Actes de congrès</subfield><subfield code="0">(IDREF)02886431X</subfield><subfield code="2">idref</subfield></datafield><datafield ind1=" " ind2="7" tag="655"><subfield code="a">Normes</subfield><subfield code="0">(IDREF)027257207</subfield><subfield code="2">idref</subfield></datafield><datafield ind1="2" ind2=" " tag="710"><subfield code="a">Organisation mondiale de la santé</subfield><subfield code="b">Comité d'experts de l'utilisation des médicaments essentiels</subfield><subfield code="b">Meeting</subfield><subfield code="n">18</subfield><subfield code="d">2011</subfield><subfield code="c">Accra</subfield><subfield code="0">(RERO)A025254919</subfield></datafield><datafield ind1="4" ind2=" " tag="856"><subfield code="3">Titelblatt und Inhaltsverzeichnis</subfield><subfield code="u">https://toc.library.ethz.ch/objects/pdf03/e16_978-92-4-120965-6_01.pdf</subfield><subfield code="q">pdf</subfield></datafield><datafield ind1=" " ind2="0" tag="830"><subfield code="a">Technical report series</subfield><subfield code="v">965</subfield><subfield code="w">(NEBIS)000023541EBI01</subfield></datafield><datafield ind1=" " ind2=" " tag="900"><subfield code="a">REROnoselfmerge</subfield></datafield><datafield ind1=" " ind2=" " tag="949"><subfield code="a">https://toc.library.ethz.ch/objects/pdf03/e16_978-92-4-120965-6_01.pdf</subfield></datafield></record>
</metadata></record>