<record><header><identifier>oai:alma.41SLSP_UGE:991000016789705502</identifier><datestamp>2023-03-01T01:09:09Z</datestamp><setSpec>uge_bcen_RapidILL_BOOK</setSpec><setSpec>uge_aaca_RapidILL_BOOK</setSpec><setSpec>uge_abels_RapidILL_BOOK</setSpec><setSpec>uge_dbu_RapidILL_BOOK</setSpec><setSpec>uge_cmu_RapidILL_BOOK</setSpec><setSpec>uge_mail_RapidILL_BOOK</setSpec><setSpec>UNIGE_ALL</setSpec><setSpec>uge_abbat_RapidILL_BOOK</setSpec><setSpec>uge_acar_RapidILL_BOOK</setSpec><setSpec>uge_aobs_RapidILL_BOOK</setSpec></header><metadata>
<record xmlns="http://www.loc.gov/MARC21/slim" xmlns:xsi="http://www.w3.org/2001/XMLSchema-instance" xsi:schemaLocation="http://www.loc.gov/MARC21/slim http://www.loc.gov/standards/marcxml/schema/MARC21slim.xsd"><leader>02404nam a2200421 c 4500</leader><controlfield tag="001">991000016789705502</controlfield><controlfield tag="005">20230221204729.0</controlfield><controlfield tag="008">201011s1976    fr ||||| |||| 10| ||fre d</controlfield><datafield ind1="7" ind2=" " tag="024"><subfield code="a">http://catalogue.bnf.fr/ark:/12148/cb346001247</subfield><subfield code="2">uri</subfield></datafield><datafield ind1=" " ind2=" " tag="035"><subfield code="a">(swissbib)229299490-41slsp_network</subfield></datafield><datafield ind1=" " ind2=" " tag="035"><subfield code="a">229299490</subfield><subfield code="9">ExL</subfield></datafield><datafield ind1=" " ind2=" " tag="035"><subfield code="a">(RERO)R270267560-41slsp</subfield></datafield><datafield ind1=" " ind2=" " tag="035"><subfield code="a">(NEBIS)003813871EBI01</subfield></datafield><datafield ind1=" " ind2=" " tag="035"><subfield code="a">(EXLNZ-41SLSP_NETWORK)991063373909705501</subfield></datafield><datafield ind1=" " ind2=" " tag="040"><subfield code="a">RERO lappua</subfield><subfield code="d">CH-ZuSLS</subfield></datafield><datafield ind1=" " ind2="7" tag="072"><subfield code="a">ps</subfield><subfield code="2">rero</subfield></datafield><datafield ind1="0" ind2="4" tag="082"><subfield code="a">616.8527</subfield></datafield><datafield ind1="1" ind2=" " tag="100"><subfield code="a">Haynal, André</subfield><subfield code="d">1930-2019</subfield><subfield code="0">(DE-588)110670515</subfield><subfield code="6">880-01</subfield></datafield><datafield ind1="1" ind2=" " tag="880"><subfield code="6">100-01</subfield><subfield code="a">Haynal, André</subfield><subfield code="d">1930-2019</subfield><subfield code="0">(IDREF)026916819</subfield><subfield code="4">cre</subfield></datafield><datafield ind1="1" ind2="0" tag="245"><subfield code="a">&lt;&lt;Le&gt;&gt; sens du désespoir</subfield><subfield code="b">la problématique de la dépression dans la théorie psychanalytique</subfield><subfield code="c">par André Haynal</subfield></datafield><datafield ind1=" " ind2="1" tag="264"><subfield code="a">Paris</subfield><subfield code="b">Presses universitaires de France</subfield><subfield code="c">1976</subfield></datafield><datafield ind1=" " ind2=" " tag="300"><subfield code="a">173 p.</subfield><subfield code="c">24 cm</subfield></datafield><datafield ind1=" " ind2=" " tag="336"><subfield code="b">txt</subfield><subfield code="2">rdacontent</subfield></datafield><datafield ind1=" " ind2=" " tag="337"><subfield code="b">n</subfield><subfield code="2">rdamedia</subfield></datafield><datafield ind1=" " ind2=" " tag="338"><subfield code="b">nc</subfield><subfield code="2">rdacarrier</subfield></datafield><datafield ind1=" " ind2=" " tag="500"><subfield code="a">En-tête de titre : Trente-sixième congrès des psychanalystes de langues romanes organisé sous les auspices de la Société psychanalytique de Paris ... Genève, 4-5-6-7 juin 1976</subfield></datafield><datafield ind1=" " ind2=" " tag="500"><subfield code="a">Texte d'une communication présentée au 36e Congrès des Psychanalystes de Langues Romanes, Genève, 4-7 juin 1976</subfield></datafield><datafield ind1="0" ind2=" " tag="505"><subfield code="a">Introduction - De l'affect dépressif - L'enfance - Hilflosigkeit (helplessness) (réflexions autour d'une notion) - Perte et deuil - Mort / immortalité - Deuil et processus analytique - Introjection / identification - A. Un mot sur le surmoi - B. La question des défenses contre la dépression - Quelques aspects de la problématique de l'ennui - Quelques considérations au sujet de la créativité, de la culture et de notre civilisation - Conclusions - Freud et la dépression - L'évolution des idées sur la dépression dans la littérature psychanalytique</subfield></datafield><datafield ind1=" " ind2="7" tag="650"><subfield code="a">Dépression</subfield><subfield code="0">(IDREF)027231828</subfield><subfield code="2">idref</subfield></datafield><datafield ind1=" " ind2="7" tag="650"><subfield code="a">Psychanalyse</subfield><subfield code="0">(IDREF)027241505</subfield><subfield code="2">idref</subfield></datafield><datafield ind1=" " ind2="7" tag="650"><subfield code="a">Psychologie</subfield><subfield code="0">(IDREF)027346900</subfield><subfield code="2">idref</subfield></datafield><datafield ind1=" " ind2="7" tag="650"><subfield code="a">Depression</subfield><subfield code="2">idszbz</subfield></datafield><datafield ind1=" " ind2="7" tag="650"><subfield code="a">Psychoanalyse</subfield><subfield code="2">idszbz</subfield></datafield><datafield ind1=" " ind2="7" tag="650"><subfield code="a">Theorie</subfield><subfield code="2">idszbz</subfield></datafield><datafield ind1=" " ind2="7" tag="655"><subfield code="a">Actes de congrès</subfield><subfield code="0">(IDREF)02886431X</subfield><subfield code="2">idref</subfield></datafield><datafield ind1=" " ind2="7" tag="655"><subfield code="a">Aufsatzsammlung</subfield><subfield code="2">idszbz</subfield></datafield><datafield ind1="2" ind2=" " tag="711"><subfield code="a">Congrès des psychanalystes de langues romanes</subfield><subfield code="n">36</subfield><subfield code="d">1976</subfield><subfield code="c">Genève, Suisse</subfield><subfield code="0">(IDREF)200292951</subfield></datafield><datafield ind1=" " ind2=" " tag="900"><subfield code="a">REROnoselfmerge</subfield></datafield><datafield ind1=" " ind2=" " tag="900"><subfield code="a">IDSZ2zbzmon200001e</subfield><subfield code="c">IDSZ2emme</subfield><subfield code="d">IDSZ2zbzswk200010b</subfield><subfield code="e">IDSZ2bisg</subfield></datafield></record>
</metadata></record>