<record><header><identifier>oai:alma.41SLSP_UGE:991000017099705502</identifier><datestamp>2023-07-01T00:29:01Z</datestamp><setSpec>uge_bcen_RapidILL_BOOK</setSpec><setSpec>uge_aaca_RapidILL_BOOK</setSpec><setSpec>uge_abels_RapidILL_BOOK</setSpec><setSpec>uge_dbu_RapidILL_BOOK</setSpec><setSpec>uge_cmu_RapidILL_BOOK</setSpec><setSpec>uge_mail_RapidILL_BOOK</setSpec><setSpec>uge_abbat_RapidILL_BOOK</setSpec><setSpec>UNIGE_ALL</setSpec><setSpec>uge_acar_RapidILL_BOOK</setSpec><setSpec>uge_aobs_RapidILL_BOOK</setSpec></header><metadata>
<record xmlns="http://www.loc.gov/MARC21/slim" xmlns:xsi="http://www.w3.org/2001/XMLSchema-instance" xsi:schemaLocation="http://www.loc.gov/MARC21/slim http://www.loc.gov/standards/marcxml/schema/MARC21slim.xsd"><leader>07830nam a2201273 c 4500</leader><controlfield tag="001">991000017099705502</controlfield><controlfield tag="005">20230630210727.0</controlfield><controlfield tag="008">201012s2003    sz ||||| |||| 00| ||ger d</controlfield><datafield ind1=" " ind2=" " tag="020"><subfield code="a">372729180X</subfield><subfield code="c">CHF 76.00</subfield></datafield><datafield ind1=" " ind2=" " tag="035"><subfield code="a">(swissbib)233599126-41slsp_network</subfield></datafield><datafield ind1=" " ind2=" " tag="035"><subfield code="a">233599126</subfield><subfield code="9">ExL</subfield></datafield><datafield ind1=" " ind2=" " tag="035"><subfield code="a">(RERO)R003300901-41slsp</subfield></datafield><datafield ind1=" " ind2=" " tag="035"><subfield code="a">(IDSSG)000262431HSB01</subfield></datafield><datafield ind1=" " ind2=" " tag="035"><subfield code="a">(IDSBB)002707400DSV01</subfield></datafield><datafield ind1=" " ind2=" " tag="035"><subfield code="a">(IDSLU)000279962ILU01</subfield></datafield><datafield ind1=" " ind2=" " tag="035"><subfield code="a">(NEBIS)004458863EBI01</subfield></datafield><datafield ind1=" " ind2=" " tag="035"><subfield code="a">(EXLNZ-41SLSP_NETWORK)991096576189705501</subfield></datafield><datafield ind1=" " ind2=" " tag="040"><subfield code="a">RERO geubfd</subfield><subfield code="d">CH-ZuSLS</subfield></datafield><datafield ind1=" " ind2=" " tag="044"><subfield code="a">sz</subfield><subfield code="c">ch-be</subfield></datafield><datafield ind1=" " ind2="7" tag="072"><subfield code="a">dr</subfield><subfield code="2">rero</subfield></datafield><datafield ind1=" " ind2="7" tag="072"><subfield code="a">rw</subfield><subfield code="2">SzZuIDS BS/BE</subfield></datafield><datafield ind1=" " ind2="7" tag="072"><subfield code="a">807</subfield><subfield code="2">IDS LU</subfield></datafield><datafield ind1=" " ind2="7" tag="072"><subfield code="a">822</subfield><subfield code="2">IDS LU</subfield></datafield><datafield ind1="1" ind2="4" tag="082"><subfield code="a">340</subfield><subfield code="2">15</subfield></datafield><datafield ind1=" " ind2=" " tag="084"><subfield code="a">CA/CH 59 h</subfield><subfield code="2">cjurrom</subfield></datafield><datafield ind1=" " ind2=" " tag="084"><subfield code="a">A 59 h</subfield><subfield code="2">cjurrom</subfield></datafield><datafield ind1=" " ind2=" " tag="084"><subfield code="a">CA/CE 59 h</subfield><subfield code="2">cjurrom</subfield></datafield><datafield ind1=" " ind2=" " tag="084"><subfield code="a">D 25 h</subfield><subfield code="2">cjurrom</subfield></datafield><datafield ind1=" " ind2=" " tag="084"><subfield code="a">CA/CH 40.2 h</subfield><subfield code="2">cjurrom</subfield></datafield><datafield ind1=" " ind2=" " tag="084"><subfield code="a">A 40.2 h</subfield><subfield code="2">cjurrom</subfield></datafield><datafield ind1=" " ind2=" " tag="084"><subfield code="a">CA/CE 40.2 h</subfield><subfield code="2">cjurrom</subfield></datafield><datafield ind1=" " ind2=" " tag="084"><subfield code="a">PN 798</subfield><subfield code="2">rvk</subfield></datafield><datafield ind1="1" ind2=" " tag="100"><subfield code="6">880-01</subfield><subfield code="a">Epiney, Astrid</subfield><subfield code="d">1965-....</subfield><subfield code="0">(IDREF)059536926</subfield><subfield code="4">cre</subfield></datafield><datafield ind1="1" ind2=" " tag="880"><subfield code="a">Epiney, Astrid</subfield><subfield code="d">1965-</subfield><subfield code="0">(DE-588)112712843</subfield><subfield code="6">100-01</subfield></datafield><datafield ind1="1" ind2="0" tag="245"><subfield code="a">Verwaltungsgerichtlicher Rechtsschutz in Umweltangelegenheiten</subfield><subfield code="b">Rechtsvergleich, europa- und völkerrechtliche Vorgaben und Implikationen für die Schweiz</subfield><subfield code="c">Astrid Epiney, Kaspar Sollberger ; unter Mitarbeit von Marianne Freiermuth Abt, Dominique Gross, Robert Mosters</subfield></datafield><datafield ind1=" " ind2="1" tag="264"><subfield code="a">Bern</subfield><subfield code="b">Stämpfli</subfield><subfield code="c">2003</subfield></datafield><datafield ind1=" " ind2=" " tag="300"><subfield code="a">218 p.</subfield><subfield code="c">23 cm</subfield></datafield><datafield ind1=" " ind2=" " tag="336"><subfield code="b">txt</subfield><subfield code="2">rdacontent</subfield></datafield><datafield ind1=" " ind2=" " tag="337"><subfield code="b">n</subfield><subfield code="2">rdamedia</subfield></datafield><datafield ind1=" " ind2=" " tag="338"><subfield code="b">nc</subfield><subfield code="2">rdacarrier</subfield></datafield><datafield ind1=" " ind2=" " tag="504"><subfield code="a">Bibliogr.</subfield></datafield><datafield ind1="2" ind2="7" tag="610"><subfield code="a">Europäische Union</subfield><subfield code="0">(DE-588)5098525-5</subfield><subfield code="2">gnd</subfield></datafield><datafield ind1="0" ind2="7" tag="630"><subfield code="a">Aarhus Convention</subfield><subfield code="f">1998 Juni 25</subfield><subfield code="0">(DE-588)4618853-8</subfield><subfield code="2">gnd</subfield></datafield><datafield ind1=" " ind2="7" tag="650"><subfield code="a">Umweltschutz</subfield><subfield code="9">ger</subfield><subfield code="0">(RERO)jurivoc000023392ger</subfield><subfield code="2">jurivoc</subfield></datafield><datafield ind1=" " ind2="7" tag="650"><subfield code="a">Verwaltungs- und Verwaltungsgerichtsverfahren</subfield><subfield code="9">ger</subfield><subfield code="0">(RERO)jurivoc000025342ger</subfield><subfield code="2">jurivoc</subfield></datafield><datafield ind1=" " ind2="7" tag="650"><subfield code="a">Verbandsbeschwerde</subfield><subfield code="9">ger</subfield><subfield code="0">(RERO)jurivoc000024184ger</subfield><subfield code="2">jurivoc</subfield></datafield><datafield ind1=" " ind2="7" tag="650"><subfield code="a">Rechtsmittel</subfield><subfield code="9">ger</subfield><subfield code="0">(RERO)jurivoc000018415ger</subfield><subfield code="2">jurivoc</subfield></datafield><datafield ind1=" " ind2="7" tag="650"><subfield code="a">Überprüfungsbefugnis</subfield><subfield code="9">ger</subfield><subfield code="0">(RERO)jurivoc000023174ger</subfield><subfield code="2">jurivoc</subfield></datafield><datafield ind1=" " ind2="7" tag="650"><subfield code="a">Bundesrecht</subfield><subfield code="9">ger</subfield><subfield code="0">(RERO)jurivoc000004898ger</subfield><subfield code="2">jurivoc</subfield></datafield><datafield ind1=" " ind2="7" tag="650"><subfield code="a">Revision(Rechtssetzung)</subfield><subfield code="9">ger</subfield><subfield code="0">(RERO)jurivoc000018895ger</subfield><subfield code="2">jurivoc</subfield></datafield><datafield ind1=" " ind2="7" tag="650"><subfield code="a">Gemeinschaftsrecht</subfield><subfield code="9">ger</subfield><subfield code="0">(RERO)jurivoc000009467ger</subfield><subfield code="2">jurivoc</subfield></datafield><datafield ind1=" " ind2="7" tag="650"><subfield code="a">Environnement</subfield><subfield code="0">(IDREF)027772616</subfield><subfield code="2">idref</subfield></datafield><datafield ind1=" " ind2="7" tag="650"><subfield code="a">Droit</subfield><subfield code="0">(IDREF)027466868</subfield><subfield code="2">idref</subfield></datafield><datafield ind1=" " ind2="7" tag="650"><subfield code="a">Droit comparé</subfield><subfield code="0">(IDREF)027741451</subfield><subfield code="2">idref</subfield></datafield><datafield ind1=" " ind2="7" tag="650"><subfield code="a">Droit international</subfield><subfield code="0">(IDREF)050627597</subfield><subfield code="2">idref</subfield></datafield><datafield ind1=" " ind2="7" tag="650"><subfield code="a">Droit européen</subfield><subfield code="0">(IDREF)027467171</subfield><subfield code="2">idref</subfield></datafield><datafield ind1=" " ind2="7" tag="650"><subfield code="a">Tribunaux administratifs</subfield><subfield code="0">(IDREF)027481840</subfield><subfield code="2">idref</subfield></datafield><datafield ind1=" " ind2="7" tag="650"><subfield code="a">Verwaltungsgericht</subfield><subfield code="x">Umweltrecht</subfield><subfield code="x">Rechtsvergleichung</subfield><subfield code="2">idsbb</subfield></datafield><datafield ind1=" " ind2="7" tag="650"><subfield code="a">Umweltrecht</subfield><subfield code="x">Verwaltungsgericht</subfield><subfield code="z">Schweiz</subfield><subfield code="2">idsbb</subfield></datafield><datafield ind1=" " ind2="7" tag="650"><subfield code="a">Verwaltungsgericht</subfield><subfield code="x">Umweltrecht</subfield><subfield code="z">Schweiz</subfield><subfield code="2">idsbb</subfield></datafield><datafield ind1=" " ind2="7" tag="650"><subfield code="a">Umweltrecht</subfield><subfield code="x">Verwaltungsgericht</subfield><subfield code="x">Rechtsvergleichung</subfield><subfield code="2">idsbb</subfield></datafield><datafield ind1=" " ind2="7" tag="650"><subfield code="a">Rechtsvereinheitlichung</subfield><subfield code="0">(DE-588)4048849-4</subfield><subfield code="2">gnd</subfield></datafield><datafield ind1=" " ind2="7" tag="650"><subfield code="a">Rechtsvergleich</subfield><subfield code="0">(DE-588)4115712-6</subfield><subfield code="2">gnd</subfield></datafield><datafield ind1=" " ind2="7" tag="650"><subfield code="a">Rechtsschutz</subfield><subfield code="0">(DE-588)4048835-4</subfield><subfield code="2">gnd</subfield></datafield><datafield ind1=" " ind2="7" tag="650"><subfield code="a">Umweltrecht</subfield><subfield code="0">(DE-588)4061643-5</subfield><subfield code="2">gnd</subfield></datafield><datafield ind1=" " ind2="7" tag="650"><subfield code="a">Verwaltungsrecht</subfield><subfield code="0">(DE-588)4063351-2</subfield><subfield code="2">gnd</subfield></datafield><datafield ind1=" " ind2="7" tag="650"><subfield code="a">Umweltrecht</subfield><subfield code="2">idszbz</subfield></datafield><datafield ind1=" " ind2="7" tag="650"><subfield code="a">Verwaltungsgericht</subfield><subfield code="2">idszbz</subfield></datafield><datafield ind1=" " ind2="7" tag="650"><subfield code="a">Rechtsschutz</subfield><subfield code="2">idszbz</subfield></datafield><datafield ind1=" " ind2="0" tag="650"><subfield code="a">Environmental law</subfield><subfield code="z">European Union countries</subfield></datafield><datafield ind1=" " ind2="0" tag="650"><subfield code="a">Environmental law</subfield><subfield code="z">Switzerland</subfield></datafield><datafield ind1=" " ind2="0" tag="650"><subfield code="a">Law reform</subfield><subfield code="z">Switzerland</subfield></datafield><datafield ind1=" " ind2="7" tag="651"><subfield code="a">Schweiz</subfield><subfield code="9">ger</subfield><subfield code="0">(RERO)jurivoc000019912ger</subfield><subfield code="2">jurivoc</subfield></datafield><datafield ind1=" " ind2="7" tag="651"><subfield code="a">Deutschland</subfield><subfield code="9">ger</subfield><subfield code="0">(RERO)jurivoc000005510ger</subfield><subfield code="2">jurivoc</subfield></datafield><datafield ind1=" " ind2="7" tag="651"><subfield code="a">Österreich</subfield><subfield code="9">ger</subfield><subfield code="0">(RERO)jurivoc000016714ger</subfield><subfield code="2">jurivoc</subfield></datafield><datafield ind1=" " ind2="7" tag="651"><subfield code="a">Italien</subfield><subfield code="9">ger</subfield><subfield code="0">(RERO)jurivoc000012134ger</subfield><subfield code="2">jurivoc</subfield></datafield><datafield ind1=" " ind2="7" tag="651"><subfield code="a">Vereinigtes Königreich</subfield><subfield code="9">ger</subfield><subfield code="0">(RERO)jurivoc000024332ger</subfield><subfield code="2">jurivoc</subfield></datafield><datafield ind1=" " ind2="7" tag="651"><subfield code="a">Dänemark</subfield><subfield code="9">ger</subfield><subfield code="0">(RERO)jurivoc000005288ger</subfield><subfield code="2">jurivoc</subfield></datafield><datafield ind1=" " ind2="7" tag="651"><subfield code="a">Niederlande</subfield><subfield code="9">ger</subfield><subfield code="0">(RERO)jurivoc000016018ger</subfield><subfield code="2">jurivoc</subfield></datafield><datafield ind1=" " ind2="7" tag="651"><subfield code="a">Spanien</subfield><subfield code="9">ger</subfield><subfield code="0">(RERO)jurivoc000020545ger</subfield><subfield code="2">jurivoc</subfield></datafield><datafield ind1=" " ind2="7" tag="651"><subfield code="a">Schweden</subfield><subfield code="9">ger</subfield><subfield code="0">(RERO)jurivoc000019898ger</subfield><subfield code="2">jurivoc</subfield></datafield><datafield ind1=" " ind2="7" tag="651"><subfield code="a">Suisse</subfield><subfield code="0">(IDREF)027249654</subfield><subfield code="2">idref</subfield></datafield><datafield ind1=" " ind2="7" tag="651"><subfield code="a">Allemagne</subfield><subfield code="0">(IDREF)027218856</subfield><subfield code="2">idref</subfield></datafield><datafield ind1=" " ind2="7" tag="651"><subfield code="a">Autriche</subfield><subfield code="0">(IDREF)027229246</subfield><subfield code="2">idref</subfield></datafield><datafield ind1=" " ind2="7" tag="651"><subfield code="a">Danemark</subfield><subfield code="0">(IDREF)027231585</subfield><subfield code="2">idref</subfield></datafield><datafield ind1=" " ind2="7" tag="651"><subfield code="a">Espagne</subfield><subfield code="0">(IDREF)027224406</subfield><subfield code="2">idref</subfield></datafield><datafield ind1=" " ind2="7" tag="651"><subfield code="a">France</subfield><subfield code="0">(IDREF)027226794</subfield><subfield code="2">idref</subfield></datafield><datafield ind1=" " ind2="7" tag="651"><subfield code="a">Grande-Bretagne</subfield><subfield code="0">(IDREF)027228231</subfield><subfield code="2">idref</subfield></datafield><datafield ind1=" " ind2="7" tag="651"><subfield code="a">Italie</subfield><subfield code="0">(IDREF)027235408</subfield><subfield code="2">idref</subfield></datafield><datafield ind1=" " ind2="7" tag="651"><subfield code="a">Pays-Bas</subfield><subfield code="0">(IDREF)027252361</subfield><subfield code="2">idref</subfield></datafield><datafield ind1=" " ind2="7" tag="651"><subfield code="a">Suède</subfield><subfield code="0">(IDREF)027622444</subfield><subfield code="2">idref</subfield></datafield><datafield ind1=" " ind2="7" tag="651"><subfield code="a">Schweiz</subfield><subfield code="0">(DE-588)4053881-3</subfield><subfield code="2">gnd</subfield></datafield><datafield ind1=" " ind2="7" tag="651"><subfield code="a">Schweiz</subfield><subfield code="2">idszbz</subfield></datafield><datafield ind1=" " ind2=" " tag="690"><subfield code="a">Rechtsschutz; Anfechtungsklage; Verbandsrecht; Kontrolle; Umweltrecht; Justiz; Raumordnungsrecht; Befugnis; EU-Recht; Ausbau; Bewertung; Entscheidung; Reform; Regelung; Revision; Vereinheitlichung; Anforderung; Konzeption; Legitimität; Pflege; Dichte; Schweiz</subfield><subfield code="2">idssg-J</subfield></datafield><datafield ind1=" " ind2=" " tag="690"><subfield code="a">Klagebefugnis; Individualklage; Interessentenklage; Überprüfungsverfahren; Justizreform; Sonderregelung; Totalrevision; Verwaltungsrechtsschutz; Bundesrechtspflege; Klagelegitimation; Kontrolldichte; Schlussbemerkung; Aarhus-Konvention; Verfahrensgrundsatz; Problemstellung; Prüfungsumfang; Einheitsbeschwerde; Grundfrage; Anwendungsbereich; Beschwerdeweg; Eu-Mitgliedstaat; Gerichtswesen; Grundzug; Klagegegenstand; Klagegrund; Mischsystem; Prüfungsmaßstab; Rechtsbegriff; Rechtsvergleich; Sollberger; Umweltangelegenheit; Verwaltungsermessen; Zulässigkeitsvoraussetzung</subfield><subfield code="2">idssg-J</subfield></datafield><datafield ind1=" " ind2=" " tag="690"><subfield code="a">ausdrückliche Verankerung; ausgewählter Eu-Mitgliedstaat; besondere Berücksichtigung; bisheriger Beschwerdeweg; egoistische Verbandsklage; europäisches Gemeinschaftsrecht; fallende Vorschrift; feilende Entscheidung; gemeinschaftliche Konzeption; gemeinschaftsrechtliche Anforderung; gemeinschaftsverfassungsrechtliche Grundlage; gerichtliche Kontrolldichte; gerichtliche Kontrolle; gerichtlicher Rechtsschutz; gerichtlicher Zugang; gerichtliche Überprüfung; grundsätzlicher Prüfungsmaßstab; ideelle Verbandsklage; innerstaatliches Umweltrecht; kantonale Instanz; normative Interessentenklage; objektiver Rechtsschutz; richterliche Kontrolle; sonstiger Aspekt; sonstige Zulässigkeitsvoraussetzung; subjektiver Rechtsschutz; umweltrechtliche Interessentenklage; unbestimmter Rechtsbegriff; vergleichender Überblick; verschiedenes Verfahren; vorläufiger Rechtsschutz; völkerrechtliche Vorgabe; weiterer Aspekt; weitere Implikation; zusammenfassende Bewertung; zusammenfassende Schlussbemerkung; öffentlich-rechtliche Körperschaft</subfield><subfield code="2">idssg-J</subfield></datafield><datafield ind1=" " ind2=" " tag="690"><subfield code="a">Schweiz C4EXSI; Deutschland C4EUGE; Italien C4EUIT; Frankreich C4EUFR; Großbritannien C4EUUK; Dänemark C4EUDE; Niederlande C4EUNE; Österreich C4EUAU; Europa C4E; Spanien C4EUSP; Schweden C4EUSW</subfield><subfield code="2">idssg-J</subfield></datafield><datafield ind1=" " ind2=" " tag="690"><subfield code="a">B. Perspektiven; B. Zugang; C. Zugang; D. Zugang; D. Zusammenfassung; Dominique Gross; Dr.iur. Astrid Epiney; E. Zusammenfassung; Marianne Freiermuth; Professor Dr.iur. Astrid Epiney; Robert Mosters; Totalrevision Ider Bundesrechtspflege</subfield><subfield code="2">idssg-J</subfield></datafield><datafield ind1=" " ind2=" " tag="691"><subfield code="e">PC 59 CH</subfield><subfield code="2">rzs-L1</subfield></datafield><datafield ind1=" " ind2=" " tag="691"><subfield code="e">PF 59</subfield><subfield code="2">rzs-L1</subfield></datafield><datafield ind1=" " ind2=" " tag="691"><subfield code="e">PC 40.1 CH</subfield><subfield code="2">rzs-L1</subfield></datafield><datafield ind1=" " ind2=" " tag="691"><subfield code="e">PF 40.1</subfield><subfield code="2">rzs-L1</subfield></datafield><datafield ind1="1" ind2=" " tag="700"><subfield code="a">Freiermuth, Marianne</subfield><subfield code="0">(DE-588)1087989183</subfield></datafield><datafield ind1="1" ind2=" " tag="700"><subfield code="a">Freiermuth, Marianne</subfield></datafield><datafield ind1="1" ind2=" " tag="700"><subfield code="a">Freiermuth, Marianne</subfield><subfield code="0">(IDREF)059537167</subfield></datafield><datafield ind1="1" ind2=" " tag="700"><subfield code="a">Sollberger, Kaspar</subfield><subfield code="c">juriste</subfield><subfield code="d">1973-....</subfield><subfield code="0">(IDREF)071439129</subfield></datafield><datafield ind1="4" ind2=" " tag="856"><subfield code="u">https://tools.unisg.ch/url/hm00070199</subfield><subfield code="z">Inhaltsverzeichnis</subfield></datafield><datafield ind1=" " ind2=" " tag="900"><subfield code="a">IDSZ2rwimon200301f</subfield><subfield code="c">IDSZ2rosi 030123</subfield><subfield code="d">IDSZ2rwiswk200403u</subfield></datafield><datafield ind1=" " ind2=" " tag="900"><subfield code="a">IDSZ2zbzmon200306l</subfield><subfield code="c">IDSZ2meyr</subfield><subfield code="d">IDSZ2zbzswk200306b</subfield><subfield code="e">IDSZ2bruu</subfield></datafield><datafield ind1=" " ind2=" " tag="949"><subfield code="a">https://tools.unisg.ch/url/hm00070199</subfield></datafield></record>
</metadata></record>