<record><header><identifier>oai:alma.41SLSP_UGE:991000016499705502</identifier><datestamp>2023-04-16T00:12:08Z</datestamp><setSpec>uge_bcen_RapidILL_BOOK</setSpec><setSpec>uge_aaca_RapidILL_BOOK</setSpec><setSpec>uge_abels_RapidILL_BOOK</setSpec><setSpec>uge_dbu_RapidILL_BOOK</setSpec><setSpec>uge_cmu_RapidILL_BOOK</setSpec><setSpec>uge_mail_RapidILL_BOOK</setSpec><setSpec>UNIGE_ALL</setSpec><setSpec>uge_abbat_RapidILL_BOOK</setSpec><setSpec>uge_acar_RapidILL_BOOK</setSpec><setSpec>uge_aobs_RapidILL_BOOK</setSpec></header><metadata>
<record xmlns="http://www.loc.gov/MARC21/slim" xmlns:xsi="http://www.w3.org/2001/XMLSchema-instance" xsi:schemaLocation="http://www.loc.gov/MARC21/slim http://www.loc.gov/standards/marcxml/schema/MARC21slim.xsd"><leader>01454nam a2200325 c 4500</leader><controlfield tag="001">991000016499705502</controlfield><controlfield tag="005">20220920131701.0</controlfield><controlfield tag="008">201011s1987    fr ||||| |||| 10| ||fre d</controlfield><datafield ind1="7" ind2=" " tag="024"><subfield code="a">http://catalogue.bnf.fr/ark:/12148/cb349913608</subfield><subfield code="2">uri</subfield></datafield><datafield ind1=" " ind2=" " tag="035"><subfield code="a">(swissbib)222105186-41slsp_network</subfield></datafield><datafield ind1=" " ind2=" " tag="035"><subfield code="a">222105186</subfield><subfield code="9">ExL</subfield></datafield><datafield ind1=" " ind2=" " tag="035"><subfield code="a">(RERO)1551585-41slsp</subfield></datafield><datafield ind1=" " ind2=" " tag="035"><subfield code="a">(IDSBB)003589566DSV01</subfield></datafield><datafield ind1=" " ind2=" " tag="035"><subfield code="a">(EXLNZ-41SLSP_NETWORK)991105588339705501</subfield></datafield><datafield ind1=" " ind2=" " tag="040"><subfield code="a">RERO geussa</subfield><subfield code="d">CH-ZuSLS</subfield></datafield><datafield ind1=" " ind2="7" tag="072"><subfield code="a">bi</subfield><subfield code="2">rero</subfield></datafield><datafield ind1=" " ind2="7" tag="072"><subfield code="a">st</subfield><subfield code="2">rero</subfield></datafield><datafield ind1="0" ind2="0" tag="245"><subfield code="a">Micromorphologie des sols</subfield><subfield code="b">actes de la VIIè Réunion internationale de micromorphologie des sols, Paris, juillet 1985, sous-commission de micromorphologie des sols de l'Association internationale de la science du sol</subfield><subfield code="c">ed. N. Fedoroff et L.M. Bresson</subfield></datafield><datafield ind1=" " ind2="1" tag="264"><subfield code="a">Paris</subfield><subfield code="b">Association française pour l'étude du sol</subfield><subfield code="c">1987</subfield></datafield><datafield ind1=" " ind2=" " tag="300"><subfield code="a">XVI,686 p.</subfield><subfield code="b">ill.</subfield><subfield code="c">24 cm</subfield></datafield><datafield ind1=" " ind2=" " tag="336"><subfield code="b">txt</subfield><subfield code="2">rdacontent</subfield></datafield><datafield ind1=" " ind2=" " tag="337"><subfield code="b">n</subfield><subfield code="2">rdamedia</subfield></datafield><datafield ind1=" " ind2=" " tag="338"><subfield code="b">nc</subfield><subfield code="2">rdacarrier</subfield></datafield><datafield ind1=" " ind2=" " tag="520"><subfield code="a">Akten/Kongressbericht - Geologie - Bodenmikromorphologie</subfield><subfield code="5">ubs-Archäologie</subfield></datafield><datafield ind1=" " ind2="4" tag="650"><subfield code="a">Boden</subfield></datafield><datafield ind1=" " ind2="4" tag="650"><subfield code="a">Mikromorphologie</subfield></datafield><datafield ind1=" " ind2="7" tag="655"><subfield code="a">Konferenzschrift</subfield><subfield code="z">Paris</subfield><subfield code="y">1985</subfield><subfield code="2">gnd-content</subfield></datafield><datafield ind1="1" ind2=" " tag="700"><subfield code="a">Fedoroff, Nicolas</subfield><subfield code="d">1934-2013</subfield><subfield code="0">(IDREF)029367379</subfield></datafield><datafield ind1="2" ind2=" " tag="710"><subfield code="a">Association internationale de la science du sol</subfield><subfield code="b">Sous-commission de micromorphologie des sols</subfield><subfield code="0">(IDREF)029029279</subfield></datafield><datafield ind1="2" ind2=" " tag="711"><subfield code="a">Réunion internationale de micromorphologie des sols</subfield><subfield code="n">7</subfield><subfield code="d">1985</subfield><subfield code="c">Paris</subfield><subfield code="0">(RERO)A014167170</subfield></datafield><datafield ind1=" " ind2=" " tag="900"><subfield code="a">REROnoselfmerge</subfield></datafield></record>
</metadata></record>