<record><header><identifier>oai:alma.41SLSP_UGE:991000016599705502</identifier><datestamp>2024-07-20T00:32:18Z</datestamp><setSpec>uge_bcen_RapidILL_BOOK</setSpec><setSpec>uge_aaca_RapidILL_BOOK</setSpec><setSpec>uge_abels_RapidILL_BOOK</setSpec><setSpec>uge_dbu_RapidILL_BOOK</setSpec><setSpec>uge_cmu_RapidILL_BOOK</setSpec><setSpec>uge_mail_RapidILL_BOOK</setSpec><setSpec>uge_abbat_RapidILL_BOOK</setSpec><setSpec>UNIGE_ALL</setSpec><setSpec>uge_acar_RapidILL_BOOK</setSpec><setSpec>uge_aobs_RapidILL_BOOK</setSpec></header><metadata>
<record xmlns="http://www.loc.gov/MARC21/slim" xmlns:xsi="http://www.w3.org/2001/XMLSchema-instance" xsi:schemaLocation="http://www.loc.gov/MARC21/slim http://www.loc.gov/standards/marcxml/schema/MARC21slim.xsd"><leader>09187nam a2200829 c 4500</leader><controlfield tag="001">991000016599705502</controlfield><controlfield tag="005">20240719211342.0</controlfield><controlfield tag="008">201011s2018    sz ||||| |||| 00| ||ger d</controlfield><datafield ind1=" " ind2=" " tag="015"><subfield code="a">18,N48</subfield><subfield code="2">dnb</subfield></datafield><datafield ind1="7" ind2=" " tag="016"><subfield code="a">1171922116</subfield><subfield code="2">DE-101</subfield></datafield><datafield ind1=" " ind2=" " tag="020"><subfield code="a">3906940470</subfield><subfield code="q">hbk.</subfield></datafield><datafield ind1=" " ind2=" " tag="020"><subfield code="a">9783906940472</subfield><subfield code="q">print</subfield><subfield code="c">CHF 108.00</subfield></datafield><datafield ind1="3" ind2=" " tag="024"><subfield code="a">9783906940472</subfield></datafield><datafield ind1=" " ind2=" " tag="035"><subfield code="a">(swissbib)223732605-41slsp_network</subfield></datafield><datafield ind1=" " ind2=" " tag="035"><subfield code="a">223732605</subfield><subfield code="9">ExL</subfield></datafield><datafield ind1=" " ind2=" " tag="035"><subfield code="a">(RERO)R008875135-41slsp</subfield></datafield><datafield ind1=" " ind2=" " tag="035"><subfield code="a">(IDSLU)001365768ILU01</subfield></datafield><datafield ind1=" " ind2=" " tag="035"><subfield code="a">(NEBIS)011355009EBI01</subfield></datafield><datafield ind1=" " ind2=" " tag="035"><subfield code="a">(IDSSG)001031228HSB01</subfield></datafield><datafield ind1=" " ind2=" " tag="035"><subfield code="a">(IDSBB)007192172DSV01</subfield></datafield><datafield ind1=" " ind2=" " tag="035"><subfield code="a">(OCoLC)1076510032</subfield></datafield><datafield ind1=" " ind2=" " tag="035"><subfield code="a">(EXLNZ-41SLSP_NETWORK)991032786099705501</subfield></datafield><datafield ind1=" " ind2=" " tag="040"><subfield code="a">1145</subfield><subfield code="b">ger</subfield><subfield code="e">rda</subfield><subfield code="d">CH-ZuSLS UBE</subfield></datafield><datafield ind1=" " ind2=" " tag="044"><subfield code="a">sz</subfield><subfield code="c">ch-be</subfield></datafield><datafield ind1=" " ind2="7" tag="072"><subfield code="a">dr</subfield><subfield code="2">rero</subfield></datafield><datafield ind1=" " ind2="7" tag="072"><subfield code="a">801</subfield><subfield code="2">IDS LU</subfield></datafield><datafield ind1="0" ind2="4" tag="082"><subfield code="a">346.494790023</subfield><subfield code="2">23/ger</subfield></datafield><datafield ind1="7" ind2="4" tag="082"><subfield code="a">340</subfield><subfield code="2">23sdnb</subfield></datafield><datafield ind1=" " ind2=" " tag="084"><subfield code="a">CA/CH-VS 25 g</subfield><subfield code="2">cjurrom</subfield></datafield><datafield ind1=" " ind2=" " tag="084"><subfield code="a">CA/CH 25 h</subfield><subfield code="2">cjurrom</subfield></datafield><datafield ind1="1" ind2=" " tag="100"><subfield code="6">880-01</subfield><subfield code="a">Schnyder, Thierry</subfield><subfield code="4">aut</subfield><subfield code="0">(DE-588)1067804293</subfield></datafield><datafield ind1="1" ind2=" " tag="880"><subfield code="6">100-01</subfield><subfield code="a">Schnyder, Thierry</subfield><subfield code="0">(IDREF)256915768</subfield><subfield code="4">aut</subfield></datafield><datafield ind1="1" ind2="0" tag="245"><subfield code="a">&lt;&lt;Der&gt;&gt; Notar im Kanton Wallis</subfield><subfield code="b">Allgemeiner Teil</subfield><subfield code="c">Thierry Schnyder, Flurina Maria Steiner, Fabienne Murmann, Deborah Guntern Volken, Samira Stoffel</subfield></datafield><datafield ind1=" " ind2="1" tag="264"><subfield code="a">Bern</subfield><subfield code="b">Editions Weblaw</subfield><subfield code="c">2018</subfield></datafield><datafield ind1=" " ind2=" " tag="300"><subfield code="a">XLII, 309 Seiten</subfield><subfield code="b">Illustrationen, Portraits</subfield></datafield><datafield ind1=" " ind2=" " tag="336"><subfield code="b">txt</subfield><subfield code="2">rdacontent</subfield></datafield><datafield ind1=" " ind2=" " tag="337"><subfield code="b">n</subfield><subfield code="2">rdamedia</subfield></datafield><datafield ind1=" " ind2=" " tag="338"><subfield code="b">nc</subfield><subfield code="2">rdacarrier</subfield></datafield><datafield ind1=" " ind2=" " tag="500"><subfield code="a">Hat Folgeband: Der Notar im Kanton Wallis : Besonderer Teil: das bei der Vertragsgestaltung anzuwendende Recht / Dr. Thierry Schnyder [und viele andere]. - ISBN 9783039161089</subfield></datafield><datafield ind1=" " ind2=" " tag="504"><subfield code="a">Literaturverzeichnis</subfield></datafield><datafield ind1=" " ind2="7" tag="650"><subfield code="a">Notariat</subfield><subfield code="0">(IDREF)027478815</subfield><subfield code="2">idref</subfield></datafield><datafield ind1=" " ind2="7" tag="650"><subfield code="a">Droit</subfield><subfield code="0">(IDREF)027466868</subfield><subfield code="2">idref</subfield></datafield><datafield ind1=" " ind2="7" tag="650"><subfield code="a">Notaires</subfield><subfield code="0">(IDREF)027478807</subfield><subfield code="2">idref</subfield></datafield><datafield ind1=" " ind2="7" tag="650"><subfield code="a">Professions judiciaires et juridiques</subfield><subfield code="0">(IDREF)028709349</subfield><subfield code="2">idref</subfield></datafield><datafield ind1=" " ind2="7" tag="650"><subfield code="a">Notar</subfield><subfield code="9">ger</subfield><subfield code="0">(RERO)jurivoc000016085ger</subfield><subfield code="2">jurivoc</subfield></datafield><datafield ind1=" " ind2="7" tag="650"><subfield code="a">öffentliche Beurkundung</subfield><subfield code="9">ger</subfield><subfield code="0">(RERO)jurivoc000016353ger</subfield><subfield code="2">jurivoc</subfield></datafield><datafield ind1=" " ind2="7" tag="650"><subfield code="a">Organisation(allgemein)</subfield><subfield code="9">ger</subfield><subfield code="0">(RERO)jurivoc000016630ger</subfield><subfield code="2">jurivoc</subfield></datafield><datafield ind1=" " ind2="7" tag="650"><subfield code="a">Berufspflicht</subfield><subfield code="9">ger</subfield><subfield code="0">(RERO)jurivoc000003354ger</subfield><subfield code="2">jurivoc</subfield></datafield><datafield ind1=" " ind2="7" tag="650"><subfield code="a">Grundbuch</subfield><subfield code="9">ger</subfield><subfield code="0">(RERO)jurivoc000010376ger</subfield><subfield code="2">jurivoc</subfield></datafield><datafield ind1=" " ind2="7" tag="650"><subfield code="a">Notariat</subfield><subfield code="2">gnd</subfield><subfield code="0">(DE-588)4127540-8</subfield></datafield><datafield ind1=" " ind2="7" tag="651"><subfield code="a">Valais (Suisse)</subfield><subfield code="0">(IDREF)027303063</subfield><subfield code="2">idref</subfield></datafield><datafield ind1=" " ind2="7" tag="651"><subfield code="a">Schweiz</subfield><subfield code="9">ger</subfield><subfield code="0">(RERO)jurivoc000019912ger</subfield><subfield code="2">jurivoc</subfield></datafield><datafield ind1=" " ind2="7" tag="651"><subfield code="a">Wallis</subfield><subfield code="9">ger</subfield><subfield code="0">(RERO)jurivoc000026102ger</subfield><subfield code="2">jurivoc</subfield></datafield><datafield ind1=" " ind2="7" tag="651"><subfield code="a">Wallis</subfield><subfield code="2">gnd</subfield><subfield code="0">(DE-588)4064466-2</subfield></datafield><datafield ind1=" " ind2=" " tag="690"><subfield code="a">Kataster; Testament; Beurkundung; Gesetzgebung; Vertragsrecht; Familienrecht; Garantie; Handelsrecht; Urteil (Rechtsprechung); Verfahrensrecht; Wettbewerbsrecht; Freizügigkeit; Niederlassungsrecht; Verbot; Versicherungspflicht; Anwalt; Grundbuch; Vorschrift; Urteil; Haftfestigkeit; Gebühr; Freiheit</subfield><subfield code="2">idssg-J</subfield></datafield><datafield ind1=" " ind2=" " tag="690"><subfield code="a">Sachbeurkundung; Erwachsenenschutzrecht; Hauptverfahren; Notariatsrecht; Organisationsrecht; Vertretungsbefugnis; Berufsausübung; Beurkundungstarif; Beurkundungsverfahrensrecht; Beurkundungsvorschrift; Beweisfunktion; Binnenmarktgesetz; Erklärungsbeurkundung; Erklärungsurkunde; Gesetzesverzeichnis; Gestaltungsurteil; Grundbuchabweisung; Grundbuchberichtigungsklage; Grundbucheintragungsverfahren; Hilfspersonenhaftung; Inkassomaßnahme; Kausalitätsprinzip; Personenrecht; Preisüberwachung; Prüfungsverfahren; Rechtsbelehrung; Registereinrichtung; Revisionsbemühung; Versammlungsbeschluss; Verwaltungsverfahrensgesetz; Verwaltungsverordnung; Aufsichtsbeschwerde; Dankeswort; Einregistrierungssteuer; Formfreiheit; Formzwang; Grundbuchbeschwerde; Handlungsfähigkeit; Kompetenzenregelung; Ordnungsvorschrift; Rechtsmissbrauchsverbot; Regelungskompetenz; Registereintragung; Sachurkunde; Schlusswort; Verfahrenskontrolle; Verschwiegenheitspflicht; Vertragsfreiheit; Vertretungsverhältnis; Vorsorgeauftrag; Werbefreiheit; Willenserklärung; Wirtschaftsfreiheit; Wissenserklärung; Zuständigkeitsfrage; Anwaltsnotar; Behördenorganisation; Berufshaftpflichtversicherung; Gesetzesgrundlage; Gesundheitsspezialgebühr; Grundbuchgebühr; Grundbuchsverwalter; Grundgebühr; Haftungsgrundlage; Handänderungssteuer; Kanzleigemeinschaft; Notariatsgebühr; Standesaufsicht; Steuerwert; Stockwerkeigentümergemeinschaft; Stundengebühr; Tatsache; Unvereinbarkeitsgrund; Verwaltungsaufsicht; Ablehnungspflicht; Amtsnotariat; Ausstandspflicht; Beratungspflicht; Beurkundungsbedürftiger; Beurkundungspflicht; Beurkundungsvorgang; Beweisbedeutung; Burgergemeinde; Disziplinarwesen; Einregistrierungsbehörde; Ersatzform; Folgerunge; Formmangel; Geoinformation; Grundbegriff; Grundbuchwirkung; Grundzug; Instanzenzug; Mischsystem; Murmann; Notariatsprozess; Notariatstätigkeit; Prüfungspflicht; Rechtskraft; Rechtsquelle; Schluss</subfield><subfield code="2">idssg-J</subfield></datafield><datafield ind1=" " ind2=" " tag="690"><subfield code="a">teil; Sorgfaltspflicht; Steuerregister; Testamentsregister; Testamentszentrale; Urkundspflicht; Verfahrensstadium; Vertragspunkt; Wahrheitspflicht; Wettbewerbskommission; Zweckmehrheit</subfield><subfield code="2">idssg-J</subfield></datafield><datafield ind1=" " ind2=" " tag="690"><subfield code="a">ausländische Urkunde; eidgenössisches Beurkundungsverfahrensrecht; enger Sinn; informatisiertes Grundbuch; ordentlicher Notariatsprozess; private Urkunde; schweizerische Urkunde; weitere Garantie; absolute Anfechtbarkeit; absolute Nichtigkeit; allgemeine Bestimmung; allgemeiner Teil; amtliche Geoinformation; amtliche Vermessung; amtsähnlicher Charakter; andere Form; außerordentlicher Notariatsprozess; außerordentliches Verfahren; bedeutungsloser Eintrag; beeinträchtigter Komparent; besonderes Verfahren; bundesrechtliche Beurkundungsvorschrift; dinglicher Rechter; disziplinarische Aufsicht; eidgenössisches Grundbuch; eingetragener Partner; erleichterte Löschung; fachliche Voraussetzung; fehlende Ersatzform; fehlende Vereinheitlichung; formbedürftiger Vertragspunkt; formelle Voraussetzung; frei Notarswahl; freies Mischsystem; freies Notariat; freiwillige Gerichtsbarkeit; fremdsprachiger Komparent; geordnetes Verfahren; gerichtliches Urteil; gerichtlicher Vergleich; gesetzliche Beurkundungspflicht; gesetzliche Formvorschrift; grundbuchrechtlicher Rechtsbehelf; grundsätzliche Unvereinbarkeit; individuelle Erklärung; individuelle Feststellung; inhaltliche Ermittlung; interkantonale Freizügigkeit; internationales Verhältnis; juristische Person; kantonales Beurkundungsverfahrensrecht; kantonale Beurkundungsvorschrift; kantonales Grundbuch; kantonale Handänderungssteuer; kantonale Registereinrichtung; natürliche Person; notarielle Beurkundung; notarielle Pflicht; ordentliches Verfahren; positive Rechtskraft; privatwirtschaftliche Tätigkeit; provisorisches Grundbuch; rechtspolizeiliche Funktion; sachliche Zuständigkeit; staatliche Aufsicht; staatlicher Beurkundungstarif; staatlicher Hoheitsakt; strafrechtliche Verantwortlichkeit; teilweise Grundbuchwirkung; teilweise Regelungskompetenz; unrichtiger Eintrag; unterschiedliche Folge; unvollendete Einführung; verfahrensrechtliche</subfield><subfield code="2">idssg-J</subfield></datafield><datafield ind1=" " ind2=" " tag="690"><subfield code="a">Garantie; verhältnismäßige Gebühr; vermögensrechtliche Verantwortlichkeit; verschiedener Teil; vertragliche Gebühr; vollstreckungsrechtliche Bedeutung; walliser Gesetzgebung; walliser Testamentszentrale; weitere Besonderheit; weitere Pflicht; weiterer Sinn; weitere Voraussetzung; zentrales Testamentsregister; öffentliche Abgabe; öffentliche Beurkundung; öffentliche Urkunde; örtliche Zuständigkeit</subfield><subfield code="2">idssg-J</subfield></datafield><datafield ind1=" " ind2=" " tag="690"><subfield code="a">Schweiz C4EXSI; China C9CHIN</subfield><subfield code="2">idssg-J</subfield></datafield><datafield ind1=" " ind2=" " tag="690"><subfield code="a">Beurkundungsvorschrift Absolute Nichtigkeit; Deborah Guntern Volken Samira; Dolmetscher Übersetzer; Dr. Thierry Schnyder Flurina; Dr. Thierry Schnyder Flurina Maria Steiner Fabienne Murmann Deborah Guntern Volken Samira Stoffel; Editions Weblaw; gesetzlich Formvorschriften Öffentliche Beurkundung; Guntern Volken Samira; Kanton Wallis Allgemeiner Teil; Kapitel Strafrechtliche Verantwortlichkeit; Kapitel Öffentliche Beurkundung; Lex rei sitae; Maria Steiner Fabienne; Murmann Deborah Guntern Volken Samira; Staatsrat Fr6d6ric Favre; Staatsrat Fred6ric Favre; Teil Beurkundungsverfahren Notariatsprozess; Teil Öffentliche Beurkundung; Thierry Schnyder Flurina; Urkunde Interkantonale Freizügigkeit</subfield><subfield code="2">idssg-J</subfield></datafield><datafield ind1=" " ind2=" " tag="691"><subfield code="e">PC 25 CH-VS</subfield><subfield code="2">rzs-L1</subfield></datafield><datafield ind1="0" ind2="8" tag="776"><subfield code="i">Erscheint auch als</subfield><subfield code="n">Online-Ausgabe, E-Book</subfield><subfield code="t">&lt;&lt;Der&gt;&gt; Notar im Kanton Wallis</subfield><subfield code="z">9783906940526</subfield></datafield><datafield ind1="1" ind2=" " tag="700"><subfield code="a">Guntern Volken, Deborah</subfield><subfield code="4">aut</subfield><subfield code="0">(DE-588)123752184X</subfield></datafield><datafield ind1="1" ind2=" " tag="700"><subfield code="a">Schnyder, Samira</subfield><subfield code="d">19-</subfield><subfield code="4">aut</subfield><subfield code="0">(DE-588)123752413X</subfield></datafield><datafield ind1="1" ind2=" " tag="700"><subfield code="6">880-02</subfield><subfield code="a">Murmann, Fabienne</subfield><subfield code="0">(RERO)A025026567</subfield><subfield code="4">aut</subfield></datafield><datafield ind1="1" ind2=" " tag="880"><subfield code="6">700-02/(B</subfield><subfield code="a">Murmann, Fabienne</subfield><subfield code="4">aut</subfield><subfield code="0">(DE-588)1237520614</subfield></datafield><datafield ind1="1" ind2=" " tag="700"><subfield code="a">Steiner, Flurina Maria</subfield><subfield code="4">aut</subfield><subfield code="0">(DE-588)1237519764</subfield></datafield><datafield ind1="4" ind2=" " tag="856"><subfield code="3">Titelblatt und Inhaltsverzeichnis</subfield><subfield code="u">https://toc.library.ethz.ch/objects/pdf03/z16_978-3-906940-47-2_01.pdf</subfield><subfield code="q">pdf</subfield></datafield><datafield ind1=" " ind2=" " tag="900"><subfield code="a">IDSZ2rwimon20190227f</subfield><subfield code="c">IDSZ2kilch</subfield><subfield code="d">IDSZ2rwiswk201903g</subfield><subfield code="e">IDSZ2judu</subfield><subfield code="x">b</subfield></datafield><datafield ind1=" " ind2=" " tag="900"><subfield code="a">IDSZ2zbzmon201902l</subfield><subfield code="c">IDSZ2lire</subfield><subfield code="d">IDSZ2zbzswk201903g</subfield><subfield code="e">IDSZ2bruu</subfield></datafield><datafield ind1=" " ind2=" " tag="900"><subfield code="a">Stoppsignal FRED</subfield><subfield code="x">UBE/B465/202406</subfield></datafield><datafield ind1=" " ind2=" " tag="949"><subfield code="a">https://toc.library.ethz.ch/objects/pdf03/z16_978-3-906940-47-2_01.pdf</subfield></datafield></record>
</metadata></record>