<record><header><identifier>oai:alma.41SLSP_UGE:991000017329705502</identifier><datestamp>2023-03-01T01:09:09Z</datestamp><setSpec>uge_bcen_RapidILL_BOOK</setSpec><setSpec>uge_aaca_RapidILL_BOOK</setSpec><setSpec>uge_abels_RapidILL_BOOK</setSpec><setSpec>uge_dbu_RapidILL_BOOK</setSpec><setSpec>uge_cmu_RapidILL_BOOK</setSpec><setSpec>uge_mail_RapidILL_BOOK</setSpec><setSpec>UNIGE_ALL</setSpec><setSpec>uge_abbat_RapidILL_BOOK</setSpec><setSpec>uge_aobs_RapidILL_BOOK</setSpec><setSpec>uge_acar_RapidILL_BOOK</setSpec></header><metadata>
<record xmlns="http://www.loc.gov/MARC21/slim" xmlns:xsi="http://www.w3.org/2001/XMLSchema-instance" xsi:schemaLocation="http://www.loc.gov/MARC21/slim http://www.loc.gov/standards/marcxml/schema/MARC21slim.xsd"><leader>01312nam a2200349 c 4500</leader><controlfield tag="001">991000017329705502</controlfield><controlfield tag="005">20201230212915.0</controlfield><controlfield tag="008">201011s1925    fr ||||| |||| 00| ||fre d</controlfield><datafield ind1=" " ind2=" " tag="035"><subfield code="a">(swissbib)224047841-41slsp_network</subfield></datafield><datafield ind1=" " ind2=" " tag="035"><subfield code="a">224047841</subfield><subfield code="9">ExL</subfield></datafield><datafield ind1=" " ind2=" " tag="035"><subfield code="a">(RERO)0303349-41slsp</subfield></datafield><datafield ind1=" " ind2=" " tag="035"><subfield code="a">(NEBIS)002540875EBI01</subfield></datafield><datafield ind1=" " ind2=" " tag="035"><subfield code="a">(IDSSG)000300693HSB01</subfield></datafield><datafield ind1=" " ind2=" " tag="035"><subfield code="a">(IDSBB)003410067DSV01</subfield></datafield><datafield ind1=" " ind2=" " tag="035"><subfield code="a">(EXLNZ-41SLSP_NETWORK)991023154769705501</subfield></datafield><datafield ind1=" " ind2=" " tag="040"><subfield code="a">RERO</subfield><subfield code="d">CH-ZuSLS</subfield></datafield><datafield ind1=" " ind2="7" tag="072"><subfield code="a">ht</subfield><subfield code="2">rero</subfield></datafield><datafield ind1=" " ind2="7" tag="072"><subfield code="a">sp</subfield><subfield code="2">rero</subfield></datafield><datafield ind1="1" ind2=" " tag="100"><subfield code="a">Saint-Simon, Claude-Henri de</subfield><subfield code="d">1760-1825</subfield><subfield code="0">(IDREF)027119106</subfield><subfield code="4">cre</subfield></datafield><datafield ind1="1" ind2="0" tag="245"><subfield code="a">&lt;&lt;L'&gt;&gt;oeuvre d'Henri de Saint-Simon</subfield><subfield code="c">textes choisis avec une introd. par C. Bouglé ; notice bibliogr. de Alfred Pereire</subfield></datafield><datafield ind1=" " ind2="1" tag="264"><subfield code="a">Paris</subfield><subfield code="b">F. Alcan</subfield><subfield code="c">1925</subfield></datafield><datafield ind1=" " ind2=" " tag="300"><subfield code="a">XXXII, 264 p.</subfield><subfield code="c">19 cm</subfield></datafield><datafield ind1=" " ind2=" " tag="336"><subfield code="b">txt</subfield><subfield code="2">rdacontent</subfield></datafield><datafield ind1=" " ind2=" " tag="337"><subfield code="b">n</subfield><subfield code="2">rdamedia</subfield></datafield><datafield ind1=" " ind2=" " tag="338"><subfield code="b">nc</subfield><subfield code="2">rdacarrier</subfield></datafield><datafield ind1=" " ind2=" " tag="690"><subfield code="a">17.08</subfield><subfield code="d">Frühsozialistische Philosophie</subfield><subfield code="2">uzb-VA</subfield></datafield><datafield ind1="1" ind2=" " tag="700"><subfield code="a">Bouglé, Célestin</subfield></datafield><datafield ind1="1" ind2=" " tag="700"><subfield code="a">Saint-Simon, Henri &lt;&lt;de&gt;&gt;</subfield><subfield code="d">1760-1825</subfield><subfield code="0">(DE-588)118604937</subfield></datafield><datafield ind1="1" ind2=" " tag="700"><subfield code="a">Bouglé, Célestin Charles Alfred</subfield><subfield code="d">1870-1940</subfield><subfield code="0">(DE-588)118982443</subfield><subfield code="6">880-02</subfield></datafield><datafield ind1="1" ind2=" " tag="880"><subfield code="6">700-02</subfield><subfield code="a">Bouglé, Célestin</subfield><subfield code="d">1870-1940</subfield><subfield code="0">(IDREF)026742950</subfield></datafield><datafield ind1="1" ind2=" " tag="700"><subfield code="a">Pereire, Alfred</subfield><subfield code="d">1879-19..</subfield><subfield code="0">(IDREF)033760705</subfield></datafield><datafield ind1=" " ind2=" " tag="900"><subfield code="a">REROnoselfmerge</subfield></datafield><datafield ind1=" " ind2=" " tag="900"><subfield code="a">IDSERMedeaSOZARCH</subfield></datafield></record>
</metadata></record>