<record><header><identifier>oai:alma.41SLSP_UGE:991000017239705502</identifier><datestamp>2024-05-27T00:08:19Z</datestamp><setSpec>uge_bcen_RapidILL_BOOK</setSpec><setSpec>uge_aaca_RapidILL_BOOK</setSpec><setSpec>uge_abels_RapidILL_BOOK</setSpec><setSpec>uge_dbu_RapidILL_BOOK</setSpec><setSpec>uge_cmu_RapidILL_BOOK</setSpec><setSpec>uge_mail_RapidILL_BOOK</setSpec><setSpec>uge_abbat_RapidILL_BOOK</setSpec><setSpec>UNIGE_ALL</setSpec><setSpec>uge_acar_RapidILL_BOOK</setSpec><setSpec>uge_aobs_RapidILL_BOOK</setSpec></header><metadata>
<record xmlns="http://www.loc.gov/MARC21/slim" xmlns:xsi="http://www.w3.org/2001/XMLSchema-instance" xsi:schemaLocation="http://www.loc.gov/MARC21/slim http://www.loc.gov/standards/marcxml/schema/MARC21slim.xsd"><leader>01834nam a2200493 c 4500</leader><controlfield tag="001">991000017239705502</controlfield><controlfield tag="005">20230118185117.0</controlfield><controlfield tag="008">201012s2003    be ||||| |||| 00| ||fre d</controlfield><datafield ind1=" " ind2=" " tag="019"><subfield code="a">Notices analytiques</subfield><subfield code="5">RERO/geubfd/02.2005</subfield></datafield><datafield ind1=" " ind2=" " tag="020"><subfield code="a">2802717804</subfield><subfield code="c">Fr. 135.-</subfield></datafield><datafield ind1=" " ind2=" " tag="035"><subfield code="a">(swissbib)241840716-41slsp_network</subfield></datafield><datafield ind1=" " ind2=" " tag="035"><subfield code="a">241840716</subfield><subfield code="9">ExL</subfield></datafield><datafield ind1=" " ind2=" " tag="035"><subfield code="a">(RERO)R003538864-41slsp</subfield></datafield><datafield ind1=" " ind2=" " tag="035"><subfield code="a">(IDSLU)000408939ILU01</subfield></datafield><datafield ind1=" " ind2=" " tag="035"><subfield code="a">(NEBIS)004705515EBI01</subfield></datafield><datafield ind1=" " ind2=" " tag="035"><subfield code="a">(EXLNZ-41SLSP_NETWORK)991108637079705501</subfield></datafield><datafield ind1=" " ind2=" " tag="040"><subfield code="a">RERO frbcuc</subfield><subfield code="d">CH-ZuSLS</subfield></datafield><datafield ind1=" " ind2="7" tag="072"><subfield code="a">dr</subfield><subfield code="2">rero</subfield></datafield><datafield ind1=" " ind2="7" tag="072"><subfield code="a">810</subfield><subfield code="2">IDS LU</subfield></datafield><datafield ind1=" " ind2=" " tag="084"><subfield code="a">D 26 g</subfield><subfield code="2">cjurrom</subfield></datafield><datafield ind1=" " ind2=" " tag="084"><subfield code="a">D 25 g</subfield><subfield code="2">cjurrom</subfield></datafield><datafield ind1="0" ind2="0" tag="245"><subfield code="a">Droit de l'Organisation mondiale du commerce et protection de l'environnement</subfield><subfield code="c">Sandrine Maljean-Dubois (dir.)</subfield></datafield><datafield ind1=" " ind2="1" tag="264"><subfield code="a">Bruxelles</subfield><subfield code="b">E. Bruylant</subfield><subfield code="c">2003</subfield></datafield><datafield ind1=" " ind2=" " tag="300"><subfield code="a">535 p.</subfield><subfield code="c">24 cm</subfield></datafield><datafield ind1=" " ind2=" " tag="336"><subfield code="b">txt</subfield><subfield code="2">rdacontent</subfield></datafield><datafield ind1=" " ind2=" " tag="337"><subfield code="b">n</subfield><subfield code="2">rdamedia</subfield></datafield><datafield ind1=" " ind2=" " tag="338"><subfield code="b">nc</subfield><subfield code="2">rdacarrier</subfield></datafield><datafield ind1="1" ind2=" " tag="490"><subfield code="a">Travaux du CERIC</subfield><subfield code="v">2</subfield></datafield><datafield ind1=" " ind2=" " tag="504"><subfield code="a">Bibliogr.</subfield></datafield><datafield ind1="2" ind2="7" tag="610"><subfield code="a">Organisation mondiale du commerce</subfield><subfield code="0">(IDREF)032375824</subfield><subfield code="2">idref</subfield></datafield><datafield ind1="2" ind2="7" tag="610"><subfield code="a">World Trade Organization</subfield><subfield code="0">(DE-588)2145784-0</subfield><subfield code="2">gnd</subfield></datafield><datafield ind1="2" ind2="7" tag="610"><subfield code="a">Welthandelsorganisation (WTO)</subfield><subfield code="2">idszbz</subfield></datafield><datafield ind1=" " ind2="7" tag="650"><subfield code="a">Droit</subfield><subfield code="0">(IDREF)027466868</subfield><subfield code="2">idref</subfield></datafield><datafield ind1=" " ind2="7" tag="650"><subfield code="a">Environnement</subfield><subfield code="0">(IDREF)027772616</subfield><subfield code="2">idref</subfield></datafield><datafield ind1=" " ind2="7" tag="650"><subfield code="a">Protection</subfield><subfield code="0">(IDREF)027790150</subfield><subfield code="2">idref</subfield></datafield><datafield ind1=" " ind2="7" tag="650"><subfield code="a">Recht</subfield><subfield code="0">(DE-588)4048737-4</subfield><subfield code="2">gnd</subfield></datafield><datafield ind1=" " ind2="7" tag="650"><subfield code="a">Internationales Umweltrecht</subfield><subfield code="0">(DE-588)4027453-6</subfield><subfield code="2">gnd</subfield></datafield><datafield ind1=" " ind2="7" tag="650"><subfield code="a">Umweltschutz</subfield><subfield code="2">idszbz</subfield></datafield><datafield ind1=" " ind2=" " tag="691"><subfield code="e">PD 26</subfield><subfield code="2">rzs-L1</subfield></datafield><datafield ind1=" " ind2=" " tag="691"><subfield code="e">PD 25</subfield><subfield code="2">rzs-L1</subfield></datafield><datafield ind1="1" ind2=" " tag="700"><subfield code="a">Maljean-Dubois, Sandrine</subfield><subfield code="d">1969-....</subfield><subfield code="0">(IDREF)050692712</subfield></datafield><datafield ind1=" " ind2=" " tag="830"><subfield code="a">Travaux de droit international et européen</subfield><subfield code="v">2</subfield><subfield code="w">(RERO)R003538857-41slsp</subfield></datafield><datafield ind1=" " ind2=" " tag="830"><subfield code="a">Travaux du CERIC</subfield><subfield code="v">2</subfield><subfield code="w">(IDSLU)000414739ILU01</subfield></datafield><datafield ind1=" " ind2=" " tag="900"><subfield code="a">REROnoselfmerge</subfield></datafield><datafield ind1=" " ind2=" " tag="900"><subfield code="a">IDSZ2rwimon200411e</subfield><subfield code="c">IDSZ2buche 041122</subfield><subfield code="d">IDSZ2rwiswk200607b</subfield><subfield code="e">IDSZ2cont</subfield></datafield></record>
</metadata></record>