<record><header><identifier>oai:alma.41SLSP_UGE:991000017339705502</identifier><datestamp>2023-03-01T01:09:09Z</datestamp><setSpec>uge_bcen_RapidILL_BOOK</setSpec><setSpec>uge_aaca_RapidILL_BOOK</setSpec><setSpec>uge_abels_RapidILL_BOOK</setSpec><setSpec>uge_dbu_RapidILL_BOOK</setSpec><setSpec>uge_cmu_RapidILL_BOOK</setSpec><setSpec>uge_mail_RapidILL_BOOK</setSpec><setSpec>UNIGE_ALL</setSpec><setSpec>uge_abbat_RapidILL_BOOK</setSpec><setSpec>uge_aobs_RapidILL_BOOK</setSpec><setSpec>uge_acar_RapidILL_BOOK</setSpec></header><metadata>
<record xmlns="http://www.loc.gov/MARC21/slim" xmlns:xsi="http://www.w3.org/2001/XMLSchema-instance" xsi:schemaLocation="http://www.loc.gov/MARC21/slim http://www.loc.gov/standards/marcxml/schema/MARC21slim.xsd"><leader>03682nam a2200889uc 4500</leader><controlfield tag="001">991000017339705502</controlfield><controlfield tag="005">20201229214320.0</controlfield><controlfield tag="008">201011s1997    dk            10| | eng d</controlfield><datafield ind1=" " ind2=" " tag="019"><subfield code="a">Sørensen, Lene Bøgh (1959-)</subfield></datafield><datafield ind1=" " ind2=" " tag="020"><subfield code="a">8772886528</subfield></datafield><datafield ind1="7" ind2=" " tag="024"><subfield code="a">http://catalogue.bnf.fr/ark:/12148/cb375490099</subfield><subfield code="2">uri</subfield></datafield><datafield ind1=" " ind2=" " tag="035"><subfield code="a">(swissbib)212972421-41slsp_network</subfield></datafield><datafield ind1=" " ind2=" " tag="035"><subfield code="a">212972421</subfield><subfield code="9">ExL</subfield></datafield><datafield ind1=" " ind2=" " tag="035"><subfield code="a">(IDSBB)001620475DSV01</subfield></datafield><datafield ind1=" " ind2=" " tag="035"><subfield code="a">(RERO)R003286379-41slsp</subfield></datafield><datafield ind1=" " ind2=" " tag="035"><subfield code="a">(NEBIS)001893995EBI01</subfield></datafield><datafield ind1=" " ind2=" " tag="035"><subfield code="a">(EXLNZ-41SLSP_NETWORK)991035396189705501</subfield></datafield><datafield ind1=" " ind2=" " tag="040"><subfield code="a">SzZuIDS BS/BE A100</subfield><subfield code="b">ger</subfield><subfield code="e">kids</subfield><subfield code="d">CH-ZuSLS</subfield></datafield><datafield ind1=" " ind2=" " tag="044"><subfield code="a">dk</subfield><subfield code="a">xxk</subfield></datafield><datafield ind1=" " ind2="7" tag="072"><subfield code="a">po</subfield><subfield code="2">SzZuIDS BS/BE</subfield></datafield><datafield ind1=" " ind2="7" tag="072"><subfield code="a">ps</subfield><subfield code="2">rero</subfield></datafield><datafield ind1="0" ind2="4" tag="082"><subfield code="a">943.0009049</subfield><subfield code="2">21</subfield></datafield><datafield ind1="1" ind2="4" tag="082"><subfield code="a">320.917 17</subfield><subfield code="2">22</subfield></datafield><datafield ind1="1" ind2="4" tag="082"><subfield code="a">320.4</subfield><subfield code="2">20</subfield></datafield><datafield ind1="1" ind2="4" tag="082"><subfield code="a">320</subfield><subfield code="2">15</subfield></datafield><datafield ind1=" " ind2=" " tag="084"><subfield code="a">MG 10000</subfield><subfield code="2">rvk</subfield></datafield><datafield ind1=" " ind2=" " tag="084"><subfield code="a">MG 10086</subfield><subfield code="2">rvk</subfield></datafield><datafield ind1=" " ind2=" " tag="084"><subfield code="a">MG 33086</subfield><subfield code="2">rvk</subfield></datafield><datafield ind1=" " ind2=" " tag="084"><subfield code="a">MG 80086</subfield><subfield code="2">rvk</subfield></datafield><datafield ind1=" " ind2=" " tag="084"><subfield code="a">MG 96086</subfield><subfield code="2">rvk</subfield></datafield><datafield ind1=" " ind2=" " tag="084"><subfield code="a">MG 97086</subfield><subfield code="2">rvk</subfield></datafield><datafield ind1=" " ind2=" " tag="084"><subfield code="a">MG 98086</subfield><subfield code="2">rvk</subfield></datafield><datafield ind1=" " ind2=" " tag="084"><subfield code="a">NQ 4672</subfield><subfield code="2">rvk</subfield></datafield><datafield ind1="0" ind2="0" tag="245"><subfield code="a">Forward to the past?</subfield><subfield code="b">continuity and change in political development in Hungary, Austria, and the Czech and Slovak Republics</subfield><subfield code="c">ed. by Lene Bøgh Sørensen ... [et al.]</subfield></datafield><datafield ind1=" " ind2="1" tag="264"><subfield code="a">Aarhus</subfield><subfield code="b">Aarhus University Press</subfield><subfield code="c">[1997]</subfield></datafield><datafield ind1=" " ind2="4" tag="264"><subfield code="c">© 1997</subfield></datafield><datafield ind1=" " ind2=" " tag="300"><subfield code="a">307 p.</subfield><subfield code="b">ill.</subfield><subfield code="c">25 cm</subfield></datafield><datafield ind1=" " ind2=" " tag="336"><subfield code="b">txt</subfield><subfield code="2">rdacontent</subfield></datafield><datafield ind1=" " ind2=" " tag="337"><subfield code="b">n</subfield><subfield code="2">rdamedia</subfield></datafield><datafield ind1=" " ind2=" " tag="338"><subfield code="b">nc</subfield><subfield code="2">rdacarrier</subfield></datafield><datafield ind1=" " ind2=" " tag="500"><subfield code="a">The conference &quot;Forward to the past?&quot; was held in October 1994 at University of Aarhus</subfield></datafield><datafield ind1=" " ind2=" " tag="500"><subfield code="a">Essays from a conference held in October 1994 at the University of Aarhus</subfield></datafield><datafield ind1=" " ind2=" " tag="504"><subfield code="a">Literaturangaben</subfield></datafield><datafield ind1=" " ind2="7" tag="648"><subfield code="a">Geschichte 1900-2000</subfield><subfield code="2">idszbz</subfield></datafield><datafield ind1=" " ind2="7" tag="648"><subfield code="a">Geschichte 1918-1994</subfield><subfield code="2">idszbz</subfield></datafield><datafield ind1=" " ind2="7" tag="650"><subfield code="a">Politischer Wandel</subfield><subfield code="z">Osteuropa</subfield><subfield code="v">Kongressbericht</subfield><subfield code="2">idsbb</subfield></datafield><datafield ind1=" " ind2="7" tag="650"><subfield code="a">Politischer Wandel</subfield><subfield code="z">Österreich</subfield><subfield code="v">Kongressbericht</subfield><subfield code="2">idsbb</subfield></datafield><datafield ind1=" " ind2="7" tag="650"><subfield code="a">Politischer Wandel</subfield><subfield code="2">idszbz</subfield></datafield><datafield ind1=" " ind2="7" tag="650"><subfield code="a">Politischer Wandel</subfield><subfield code="0">(DE-588)4175047-0</subfield><subfield code="2">gnd</subfield></datafield><datafield ind1=" " ind2="7" tag="651"><subfield code="a">Österreich</subfield><subfield code="2">idszbz</subfield></datafield><datafield ind1=" " ind2="7" tag="651"><subfield code="a">Ostmitteleuropa</subfield><subfield code="2">idszbz</subfield></datafield><datafield ind1=" " ind2="7" tag="651"><subfield code="a">Slowakei</subfield><subfield code="2">idszbz</subfield></datafield><datafield ind1=" " ind2="7" tag="651"><subfield code="a">Tschechische Republik</subfield><subfield code="2">idszbz</subfield></datafield><datafield ind1=" " ind2="7" tag="651"><subfield code="a">Ungarn</subfield><subfield code="2">idszbz</subfield></datafield><datafield ind1=" " ind2="7" tag="651"><subfield code="a">Österreich</subfield><subfield code="0">(DE-588)4043271-3</subfield><subfield code="2">gnd</subfield></datafield><datafield ind1=" " ind2="7" tag="651"><subfield code="a">Ungarn</subfield><subfield code="0">(DE-588)4078541-5</subfield><subfield code="2">gnd</subfield></datafield><datafield ind1=" " ind2="0" tag="651"><subfield code="a">Austria</subfield><subfield code="x">Politics and government</subfield><subfield code="y">1867-1918</subfield><subfield code="v">Congresses</subfield></datafield><datafield ind1=" " ind2="0" tag="651"><subfield code="a">Austria</subfield><subfield code="x">Politics and government</subfield><subfield code="y">1993-</subfield><subfield code="x">Congresses</subfield></datafield><datafield ind1=" " ind2="0" tag="651"><subfield code="a">Austria</subfield><subfield code="x">Politics and government</subfield><subfield code="y">20th century</subfield><subfield code="v">Congresses</subfield></datafield><datafield ind1=" " ind2="0" tag="651"><subfield code="a">Austria</subfield><subfield code="x">Politics and government</subfield><subfield code="y">20th century</subfield><subfield code="x">Congresses</subfield></datafield><datafield ind1=" " ind2="0" tag="651"><subfield code="a">Czechoslovakia</subfield><subfield code="x">Politics and government</subfield><subfield code="v">Congresses</subfield></datafield><datafield ind1=" " ind2="0" tag="651"><subfield code="a">Czechoslovakia</subfield><subfield code="x">Politics and government</subfield><subfield code="x">Congresses</subfield></datafield><datafield ind1=" " ind2="0" tag="651"><subfield code="a">Czech Republic</subfield><subfield code="x">Politics and government</subfield><subfield code="y">1993-</subfield><subfield code="x">Congresses</subfield></datafield><datafield ind1=" " ind2="0" tag="651"><subfield code="a">Czech Republic</subfield><subfield code="x">Politics and government</subfield><subfield code="y">20th century</subfield><subfield code="v">Congresses</subfield></datafield><datafield ind1=" " ind2="0" tag="651"><subfield code="a">Europe, Central</subfield><subfield code="x">Politics and government</subfield><subfield code="y">1989-</subfield></datafield><datafield ind1=" " ind2="0" tag="651"><subfield code="a">Europe, Eastern</subfield><subfield code="x">Politics and government</subfield><subfield code="y">1989-</subfield></datafield><datafield ind1=" " ind2="0" tag="651"><subfield code="a">Hungary</subfield><subfield code="x">Politics and government</subfield><subfield code="y">20th century</subfield><subfield code="v">Congresses</subfield></datafield><datafield ind1=" " ind2="0" tag="651"><subfield code="a">Hungary</subfield><subfield code="x">Politics and government</subfield><subfield code="y">20th century</subfield><subfield code="x">Congresses</subfield></datafield><datafield ind1=" " ind2="0" tag="651"><subfield code="a">Slovakia</subfield><subfield code="x">Politics and government</subfield><subfield code="y">1993-</subfield><subfield code="x">Congresses</subfield></datafield><datafield ind1=" " ind2="0" tag="651"><subfield code="a">Slovakia</subfield><subfield code="x">Politics and government</subfield><subfield code="y">20th century</subfield><subfield code="v">Congresses</subfield></datafield><datafield ind1=" " ind2="7" tag="655"><subfield code="a">Konferenzschrift</subfield><subfield code="z">Aarhus</subfield><subfield code="y">1994</subfield><subfield code="2">gnd-content</subfield></datafield><datafield ind1=" " ind2="7" tag="655"><subfield code="a">Aufsatzsammlung</subfield><subfield code="2">idszbz</subfield></datafield><datafield ind1=" " ind2="7" tag="655"><subfield code="a">Aufsatzsammlung</subfield><subfield code="2">gnd-content</subfield></datafield><datafield ind1=" " ind2="7" tag="655"><subfield code="a">Konferenzschrift</subfield><subfield code="z">Århus</subfield><subfield code="y">1994</subfield><subfield code="2">gnd-content</subfield></datafield><datafield ind1="1" ind2=" " tag="700"><subfield code="a">Bøgh Sørensen, Lene</subfield><subfield code="d">1959-</subfield><subfield code="0">(DE-588)1089342063</subfield><subfield code="6">880-02</subfield></datafield><datafield ind1="1" ind2=" " tag="880"><subfield code="6">700-02</subfield><subfield code="a">Sørensen, Lene Bøgh</subfield><subfield code="d">1959-....</subfield><subfield code="0">(IDREF)078153859</subfield></datafield><datafield ind1="2" ind2=" " tag="711"><subfield code="a">Conference forward to the past</subfield><subfield code="0">(DE-588)1091635048</subfield></datafield><datafield ind1=" " ind2=" " tag="900"><subfield code="a">REROnoselfmerge</subfield></datafield><datafield ind1=" " ind2=" " tag="961"><subfield code="2">gsi</subfield><subfield code="a">940(1-11)</subfield><subfield code="9">LOCAL</subfield></datafield></record>
</metadata></record>