<record><header><identifier>oai:alma.41SLSP_UGE:991000016609705502</identifier><datestamp>2023-04-23T00:11:10Z</datestamp><setSpec>uge_bcen_RapidILL_BOOK</setSpec><setSpec>uge_aaca_RapidILL_BOOK</setSpec><setSpec>uge_abels_RapidILL_BOOK</setSpec><setSpec>uge_dbu_RapidILL_BOOK</setSpec><setSpec>uge_cmu_RapidILL_BOOK</setSpec><setSpec>uge_mail_RapidILL_BOOK</setSpec><setSpec>uge_abbat_RapidILL_BOOK</setSpec><setSpec>UNIGE_ALL</setSpec><setSpec>uge_aobs_RapidILL_BOOK</setSpec><setSpec>uge_acar_RapidILL_BOOK</setSpec></header><metadata>
<record xmlns="http://www.loc.gov/MARC21/slim" xmlns:xsi="http://www.w3.org/2001/XMLSchema-instance" xsi:schemaLocation="http://www.loc.gov/MARC21/slim http://www.loc.gov/standards/marcxml/schema/MARC21slim.xsd"><leader>01572nam a2200325 c 4500</leader><controlfield tag="001">991000016609705502</controlfield><controlfield tag="005">20230422205124.0</controlfield><controlfield tag="008">061123s1993    xxk||||| |||| 00| ||eng d</controlfield><datafield ind1=" " ind2=" " tag="035"><subfield code="a">(swissbib)10441815X-41slsp_network</subfield></datafield><datafield ind1=" " ind2=" " tag="035"><subfield code="a">10441815X</subfield><subfield code="9">ExL</subfield></datafield><datafield ind1=" " ind2=" " tag="035"><subfield code="a">(RERO)R004272450-41slsp</subfield></datafield><datafield ind1=" " ind2=" " tag="035"><subfield code="a">(EXLNZ-41SLSP_NETWORK)991063144579705501</subfield></datafield><datafield ind1=" " ind2=" " tag="040"><subfield code="a">RERO geubib</subfield><subfield code="d">CH-ZuSLS</subfield></datafield><datafield ind1=" " ind2="7" tag="072"><subfield code="a">bt</subfield><subfield code="2">rero</subfield></datafield><datafield ind1="0" ind2="0" tag="245"><subfield code="a">Overview of systems of subject classification other than iconclass</subfield><subfield code="b">work package III, substask 3.2.1</subfield><subfield code="c">prepared by the Witt Computer Index, Courtauld Institute of Art</subfield></datafield><datafield ind1=" " ind2=" " tag="250"><subfield code="a">Final copy</subfield></datafield><datafield ind1=" " ind2="1" tag="264"><subfield code="a">London</subfield><subfield code="b">Courtauld Institute of Art The Witt Computer Index</subfield><subfield code="c">1993</subfield></datafield><datafield ind1=" " ind2=" " tag="300"><subfield code="a">55 f.</subfield></datafield><datafield ind1=" " ind2=" " tag="336"><subfield code="b">txt</subfield><subfield code="2">rdacontent</subfield></datafield><datafield ind1=" " ind2=" " tag="337"><subfield code="b">n</subfield><subfield code="2">rdamedia</subfield></datafield><datafield ind1=" " ind2=" " tag="338"><subfield code="b">nc</subfield><subfield code="2">rdacarrier</subfield></datafield><datafield ind1="1" ind2=" " tag="490"><subfield code="a">VAN EYCK / Witt Library reports</subfield><subfield code="v">Work package 3, substask 3.2.1</subfield></datafield><datafield ind1=" " ind2=" " tag="500"><subfield code="a">Rapport concernant le projet &quot;VAN EYCK (Visual Arts Network for the Exchange of Cultural Knowledge)&quot; préparé par la Witt Library reports of the Courtauld Institute of Art, University of London</subfield></datafield><datafield ind1=" " ind2=" " tag="500"><subfield code="a">La couverture porte: Libraries programme Lib-VAN EYCK/4-1054</subfield></datafield><datafield ind1=" " ind2="7" tag="650"><subfield code="a">base de données - organisation (structure)</subfield><subfield code="0">(RERO)A010049454</subfield><subfield code="2">rerovoc</subfield></datafield><datafield ind1=" " ind2="7" tag="650"><subfield code="a">Classification</subfield><subfield code="0">(IDREF)02722337X</subfield><subfield code="2">idref</subfield></datafield><datafield ind1=" " ind2="7" tag="650"><subfield code="a">histoire de l'art (discipline)</subfield><subfield code="0">(RERO)A009996879</subfield><subfield code="2">rerovoc</subfield></datafield><datafield ind1=" " ind2="7" tag="650"><subfield code="a">Illustrations</subfield><subfield code="0">(IDREF)027791785</subfield><subfield code="2">idref</subfield></datafield><datafield ind1="2" ind2=" " tag="710"><subfield code="a">Courtauld Institute of Art (London)</subfield><subfield code="b">Witt Computer Index</subfield><subfield code="0">(RERO)A012863957</subfield></datafield><datafield ind1=" " ind2=" " tag="830"><subfield code="a">VAN EYCK / Witt Library reports</subfield><subfield code="v">3,3.2.1</subfield><subfield code="w">(RERO)R004272577-41slsp</subfield></datafield><datafield ind1=" " ind2=" " tag="900"><subfield code="a">REROnoselfmerge</subfield></datafield></record>
</metadata></record>