<record><header><identifier>oai:alma.41SLSP_UGE:991000016709705502</identifier><datestamp>2023-04-23T00:11:56Z</datestamp><setSpec>uge_bcen_RapidILL_BOOK</setSpec><setSpec>uge_aaca_RapidILL_BOOK</setSpec><setSpec>uge_abels_RapidILL_BOOK</setSpec><setSpec>uge_dbu_RapidILL_BOOK</setSpec><setSpec>uge_cmu_RapidILL_BOOK</setSpec><setSpec>uge_mail_RapidILL_BOOK</setSpec><setSpec>uge_abbat_RapidILL_BOOK</setSpec><setSpec>UNIGE_ALL</setSpec><setSpec>uge_aobs_RapidILL_BOOK</setSpec><setSpec>uge_acar_RapidILL_BOOK</setSpec></header><metadata>
<record xmlns="http://www.loc.gov/MARC21/slim" xmlns:xsi="http://www.w3.org/2001/XMLSchema-instance" xsi:schemaLocation="http://www.loc.gov/MARC21/slim http://www.loc.gov/standards/marcxml/schema/MARC21slim.xsd"><leader>01592nam a2200421 c 4500</leader><controlfield tag="001">991000016709705502</controlfield><controlfield tag="005">20230422203829.0</controlfield><controlfield tag="008">201011s2010    xxu||||| |||| 00| ||eng d</controlfield><datafield ind1=" " ind2=" " tag="010"><subfield code="a">2009047643</subfield></datafield><datafield ind1=" " ind2=" " tag="020"><subfield code="a">9781607523857</subfield><subfield code="q">ebook</subfield></datafield><datafield ind1=" " ind2=" " tag="020"><subfield code="a">9781607523833</subfield><subfield code="q">pbk.</subfield></datafield><datafield ind1=" " ind2=" " tag="020"><subfield code="a">9781607523840</subfield><subfield code="q">hardcover</subfield></datafield><datafield ind1=" " ind2=" " tag="035"><subfield code="a">(swissbib)215566998-41slsp_network</subfield></datafield><datafield ind1=" " ind2=" " tag="035"><subfield code="a">215566998</subfield><subfield code="9">ExL</subfield></datafield><datafield ind1=" " ind2=" " tag="035"><subfield code="a">(RERO)R005440295-41slsp</subfield></datafield><datafield ind1=" " ind2=" " tag="035"><subfield code="a">(NEBIS)009562756EBI01</subfield></datafield><datafield ind1=" " ind2=" " tag="035"><subfield code="a">(OCoLC)470359183</subfield></datafield><datafield ind1=" " ind2=" " tag="035"><subfield code="a">(EXLNZ-41SLSP_NETWORK)991126956569705501</subfield></datafield><datafield ind1=" " ind2=" " tag="040"><subfield code="a">DLC</subfield><subfield code="d">CH-ZuSLS</subfield></datafield><datafield ind1=" " ind2=" " tag="050"><subfield code="a">LB1028</subfield><subfield code="b">.H316 2010</subfield></datafield><datafield ind1=" " ind2="7" tag="072"><subfield code="a">pe</subfield><subfield code="2">rero</subfield></datafield><datafield ind1="0" ind2="4" tag="082"><subfield code="a">370.7/2</subfield><subfield code="2">22</subfield></datafield><datafield ind1="0" ind2="0" tag="245"><subfield code="a">Handbook on international studies in education</subfield><subfield code="c">edited by Donald K. Sharpes ; foreword by Eva Baker</subfield></datafield><datafield ind1=" " ind2="1" tag="264"><subfield code="a">Charlotte, NC</subfield><subfield code="b">Information Age Pub.</subfield><subfield code="c">2010</subfield></datafield><datafield ind1=" " ind2=" " tag="300"><subfield code="a">284 p.</subfield><subfield code="b">ill.</subfield></datafield><datafield ind1=" " ind2=" " tag="336"><subfield code="b">txt</subfield><subfield code="2">rdacontent</subfield></datafield><datafield ind1=" " ind2=" " tag="337"><subfield code="b">n</subfield><subfield code="2">rdamedia</subfield></datafield><datafield ind1=" " ind2=" " tag="338"><subfield code="b">nc</subfield><subfield code="2">rdacarrier</subfield></datafield><datafield ind1=" " ind2=" " tag="504"><subfield code="a">Includes bibliographical references.</subfield></datafield><datafield ind1=" " ind2="0" tag="650"><subfield code="a">Education</subfield><subfield code="x">Cross cultural studies</subfield><subfield code="x">Handbook manuals</subfield></datafield><datafield ind1=" " ind2="0" tag="650"><subfield code="a">Education</subfield><subfield code="x">Research</subfield><subfield code="x">Cross cultural studies</subfield><subfield code="x">Handbook manuals</subfield></datafield><datafield ind1=" " ind2="7" tag="650"><subfield code="a">Éducation</subfield><subfield code="0">(IDREF)027555100</subfield><subfield code="2">idref</subfield></datafield><datafield ind1=" " ind2="7" tag="650"><subfield code="a">Études transculturelles</subfield><subfield code="0">(IDREF)027555305</subfield><subfield code="2">idref</subfield></datafield><datafield ind1=" " ind2="0" tag="650"><subfield code="a">Education</subfield><subfield code="x">Research</subfield><subfield code="x">Cross-cultural studies</subfield><subfield code="v">Handbooks, manuals, etc</subfield></datafield><datafield ind1=" " ind2="0" tag="650"><subfield code="a">Education</subfield><subfield code="x">Cross-cultural studies</subfield><subfield code="v">Handbooks, manuals, etc</subfield></datafield><datafield ind1=" " ind2="7" tag="650"><subfield code="a">Kulturvergleich</subfield><subfield code="0">(DE-588)4114328-0</subfield><subfield code="2">gnd</subfield></datafield><datafield ind1=" " ind2="7" tag="650"><subfield code="a">Vergleichende Erziehungswissenschaft</subfield><subfield code="0">(DE-588)4124392-4</subfield><subfield code="2">gnd</subfield></datafield><datafield ind1="1" ind2=" " tag="700"><subfield code="a">Sharpes, Donald K.</subfield><subfield code="0">(IDREF)076939499</subfield></datafield><datafield ind1=" " ind2=" " tag="900"><subfield code="a">REROnoselfmerge</subfield></datafield></record>
</metadata></record>