<record><header><identifier>oai:alma.41SLSP_UGE:991000037969705502</identifier><datestamp>2023-04-16T00:11:47Z</datestamp><setSpec>uge_bcen_RapidILL_BOOK</setSpec><setSpec>uge_aaca_RapidILL_BOOK</setSpec><setSpec>uge_abels_RapidILL_BOOK</setSpec><setSpec>uge_dbu_RapidILL_BOOK</setSpec><setSpec>uge_cmu_RapidILL_BOOK</setSpec><setSpec>uge_mail_RapidILL_BOOK</setSpec><setSpec>uge_abbat_RapidILL_BOOK</setSpec><setSpec>UNIGE_ALL</setSpec><setSpec>uge_aobs_RapidILL_BOOK</setSpec><setSpec>uge_acar_RapidILL_BOOK</setSpec></header><metadata>
<record xmlns="http://www.loc.gov/MARC21/slim" xmlns:xsi="http://www.w3.org/2001/XMLSchema-instance" xsi:schemaLocation="http://www.loc.gov/MARC21/slim http://www.loc.gov/standards/marcxml/schema/MARC21slim.xsd"><leader>02447nam a2200493 c 4500</leader><controlfield tag="001">991000037969705502</controlfield><controlfield tag="005">20230415204013.0</controlfield><controlfield tag="008">201011s2019    xxk      |||| 000 e eng| </controlfield><datafield ind1=" " ind2=" " tag="015"><subfield code="a">20190044632</subfield><subfield code="2">can</subfield></datafield><datafield ind1=" " ind2=" " tag="020"><subfield code="a">9780241366516</subfield><subfield code="q">hardcover</subfield></datafield><datafield ind1=" " ind2=" " tag="035"><subfield code="a">(swissbib)222972203-41slsp_network</subfield></datafield><datafield ind1=" " ind2=" " tag="035"><subfield code="a">222972203</subfield><subfield code="9">ExL</subfield></datafield><datafield ind1=" " ind2=" " tag="035"><subfield code="a">(NEBIS)011345151EBI01</subfield></datafield><datafield ind1=" " ind2=" " tag="035"><subfield code="a">(IDSBB)007098418DSV01</subfield></datafield><datafield ind1=" " ind2=" " tag="035"><subfield code="a">(RERO)R008979923-41slsp</subfield></datafield><datafield ind1=" " ind2=" " tag="035"><subfield code="a">(OCoLC)1080520040</subfield></datafield><datafield ind1=" " ind2=" " tag="035"><subfield code="a">(EXLNZ-41SLSP_NETWORK)991124848349705501</subfield></datafield><datafield ind1=" " ind2=" " tag="040"><subfield code="a">NLC</subfield><subfield code="b">ger</subfield><subfield code="e">rda</subfield><subfield code="d">CH-ZuSLS</subfield></datafield><datafield ind1=" " ind2="4" tag="050"><subfield code="a">PR9499.3.R59</subfield><subfield code="b">A6 2019</subfield></datafield><datafield ind1=" " ind2="0" tag="055"><subfield code="a">PR9499.3.R59</subfield><subfield code="b">A6 2019</subfield></datafield><datafield ind1=" " ind2="7" tag="072"><subfield code="a">an</subfield><subfield code="2">rero</subfield></datafield><datafield ind1="0" ind2="4" tag="082"><subfield code="a">824/.92</subfield><subfield code="2">23</subfield></datafield><datafield ind1="1" ind2="4" tag="082"><subfield code="a">820</subfield><subfield code="2">15</subfield></datafield><datafield ind1=" " ind2=" " tag="084"><subfield code="a">B</subfield><subfield code="2">sdnb</subfield></datafield><datafield ind1=" " ind2=" " tag="084"><subfield code="a">HQ 6874</subfield><subfield code="2">rvk</subfield></datafield><datafield ind1="1" ind2=" " tag="100"><subfield code="a">Roy, Arundhati</subfield><subfield code="d">1961-</subfield><subfield code="0">(DE-588)115693424</subfield><subfield code="4">aut</subfield><subfield code="6">880-01</subfield></datafield><datafield ind1="1" ind2=" " tag="880"><subfield code="a">Roy, Arundhati</subfield><subfield code="0">(RERO)A003767245</subfield><subfield code="4">aut</subfield><subfield code="6">100-01</subfield></datafield><datafield ind1="1" ind2="0" tag="245"><subfield code="a">My seditious heart</subfield><subfield code="b">collected non-fiction</subfield><subfield code="c">Arundhati Roy</subfield></datafield><datafield ind1=" " ind2="1" tag="264"><subfield code="a">[London]</subfield><subfield code="b">Hamish Hamilton</subfield><subfield code="c">[2019]</subfield></datafield><datafield ind1=" " ind2=" " tag="300"><subfield code="a">xxv, 1000 pages</subfield><subfield code="b">illustration, map</subfield><subfield code="c">21 cm</subfield></datafield><datafield ind1=" " ind2=" " tag="336"><subfield code="b">txt</subfield><subfield code="2">rdacontent</subfield></datafield><datafield ind1=" " ind2=" " tag="337"><subfield code="b">n</subfield><subfield code="2">rdamedia</subfield></datafield><datafield ind1=" " ind2=" " tag="338"><subfield code="b">nc</subfield><subfield code="2">rdacarrier</subfield></datafield><datafield ind1=" " ind2=" " tag="500"><subfield code="a">&quot;First published in the United States of America by Haymarket Books 2019&quot;--Title page verso</subfield></datafield><datafield ind1=" " ind2=" " tag="504"><subfield code="a">Includes bibliographical references and index</subfield></datafield><datafield ind1="8" ind2=" " tag="520"><subfield code="a">Bookended by her two extraordinary novels, The God of Small Things (1997) and The Ministry of Utmost Happiness (2017), My Seditious Heart collects the work of a two-decade period when Arundhati Roy devoted herself to the political essay as a way of opening up space for justice, rights and freedoms in an increasingly hostile environment. Taken together, the essays speak in a voice of unique spirit, marked by compassion, clarity and courage. Radical and superbly readable, as they speak always in defense of the collective, of the individual and of the land, in the face of the destructive logic of financial, social, religious, military and governmental elites</subfield></datafield><datafield ind1="1" ind2="0" tag="600"><subfield code="a">Roy, Arundhati</subfield></datafield><datafield ind1=" " ind2="0" tag="650"><subfield code="a">Essays</subfield></datafield><datafield ind1=" " ind2="0" tag="650"><subfield code="a">English essays</subfield><subfield code="z">India</subfield></datafield><datafield ind1=" " ind2="0" tag="650"><subfield code="a">Social justice</subfield></datafield><datafield ind1=" " ind2="0" tag="651"><subfield code="a">India</subfield><subfield code="x">Politics and government</subfield></datafield><datafield ind1=" " ind2="0" tag="651"><subfield code="a">India</subfield><subfield code="x">Social conditions</subfield></datafield><datafield ind1="4" ind2=" " tag="856"><subfield code="3">Titelblatt und Inhaltsverzeichnis</subfield><subfield code="u">https://toc.library.ethz.ch/objects/pdf03/z01_978-0-241-36651-6_01.pdf</subfield><subfield code="q">pdf</subfield></datafield><datafield ind1=" " ind2=" " tag="900"><subfield code="a">IDSZ2zbzmon201910f</subfield><subfield code="c">IDSZ2dien</subfield><subfield code="d">IDSZ2zbzswk201911k</subfield><subfield code="e">IDSZ2trun</subfield></datafield><datafield ind1=" " ind2=" " tag="949"><subfield code="a">https://toc.library.ethz.ch/objects/pdf03/z01_978-0-241-36651-6_01.pdf</subfield></datafield></record>
</metadata></record>