<record><header><identifier>oai:alma.41SLSP_UGE:991000037239705502</identifier><datestamp>2023-03-01T01:09:10Z</datestamp><setSpec>uge_bcen_RapidILL_BOOK</setSpec><setSpec>uge_aaca_RapidILL_BOOK</setSpec><setSpec>uge_abels_RapidILL_BOOK</setSpec><setSpec>uge_dbu_RapidILL_BOOK</setSpec><setSpec>uge_cmu_RapidILL_BOOK</setSpec><setSpec>uge_mail_RapidILL_BOOK</setSpec><setSpec>UNIGE_ALL</setSpec><setSpec>uge_abbat_RapidILL_BOOK</setSpec><setSpec>uge_aobs_RapidILL_BOOK</setSpec><setSpec>uge_acar_RapidILL_BOOK</setSpec></header><metadata>
<record xmlns="http://www.loc.gov/MARC21/slim" xmlns:xsi="http://www.w3.org/2001/XMLSchema-instance" xsi:schemaLocation="http://www.loc.gov/MARC21/slim http://www.loc.gov/standards/marcxml/schema/MARC21slim.xsd"><leader>01070nam a2200277 c 4500</leader><controlfield tag="001">991000037239705502</controlfield><controlfield tag="005">20211130214539.0</controlfield><controlfield tag="008">971216m19631964fr ||||| |||| 00| ||fre d</controlfield><datafield ind1=" " ind2=" " tag="035"><subfield code="a">(swissbib)092780830-41slsp_network</subfield></datafield><datafield ind1=" " ind2=" " tag="035"><subfield code="a">092780830</subfield><subfield code="9">ExL</subfield></datafield><datafield ind1=" " ind2=" " tag="035"><subfield code="a">(RERO)R223303660-41slsp</subfield></datafield><datafield ind1=" " ind2=" " tag="035"><subfield code="a">(EXLNZ-41SLSP_NETWORK)991058701109705501</subfield></datafield><datafield ind1=" " ind2=" " tag="040"><subfield code="a">RERO geulfr</subfield><subfield code="d">CH-ZuSLS</subfield></datafield><datafield ind1=" " ind2="7" tag="072"><subfield code="a">ba</subfield><subfield code="2">rero</subfield></datafield><datafield ind1="1" ind2=" " tag="100"><subfield code="a">Visconti, Luchino</subfield><subfield code="d">1906-1976</subfield><subfield code="0">(IDREF)028316088</subfield><subfield code="4">cre</subfield></datafield><datafield ind1="1" ind2="0" tag="245"><subfield code="a">&lt;&lt;Le&gt;&gt; guépard</subfield><subfield code="c">réalisation de Luchino Visconti ; d'après le roman de Giuseppe Tomasi di Lampedusa ; scénario de Suso Cecchi d'Amico...[et al.]</subfield></datafield><datafield ind1=" " ind2="1" tag="264"><subfield code="a">Paris</subfield><subfield code="b">L'Avant-Scène</subfield><subfield code="c">1963-1964</subfield></datafield><datafield ind1=" " ind2=" " tag="300"><subfield code="a">90 p.</subfield><subfield code="b">ill.</subfield><subfield code="c">27 cm</subfield></datafield><datafield ind1=" " ind2=" " tag="336"><subfield code="b">txt</subfield><subfield code="2">rdacontent</subfield></datafield><datafield ind1=" " ind2=" " tag="337"><subfield code="b">n</subfield><subfield code="2">rdamedia</subfield></datafield><datafield ind1=" " ind2=" " tag="338"><subfield code="b">nc</subfield><subfield code="2">rdacarrier</subfield></datafield><datafield ind1="1" ind2=" " tag="490"><subfield code="a">L'Avant-scène. Cinéma</subfield><subfield code="v">32-33</subfield></datafield><datafield ind1="1" ind2=" " tag="700"><subfield code="a">Cecchi d'Amico, Suso</subfield><subfield code="d">1914-2010</subfield><subfield code="0">(IDREF)060723505</subfield></datafield><datafield ind1="1" ind2="2" tag="700"><subfield code="a">Tomasi di Lampedusa, Giuseppe</subfield><subfield code="d">1896-1957</subfield><subfield code="t">&lt;&lt;Il&gt;&gt; gattopardo</subfield></datafield><datafield ind1="1" ind2=" " tag="700"><subfield code="a">Tomasi di Lampedusa, Giuseppe</subfield><subfield code="d">1896-1957</subfield></datafield><datafield ind1=" " ind2=" " tag="830"><subfield code="a">&lt;&lt;L'&gt;&gt;avant-scène</subfield><subfield code="p">Cinema</subfield><subfield code="v">32-33</subfield><subfield code="w">(RERO)0055087-41slsp</subfield></datafield><datafield ind1=" " ind2=" " tag="900"><subfield code="a">REROnoselfmerge</subfield></datafield></record>
</metadata></record>