<record><header><identifier>oai:alma.41SLSP_UGE:991000037759705502</identifier><datestamp>2024-03-09T01:34:32Z</datestamp><setSpec>uge_bcen_RapidILL_BOOK</setSpec><setSpec>uge_aaca_RapidILL_BOOK</setSpec><setSpec>uge_abels_RapidILL_BOOK</setSpec><setSpec>uge_dbu_RapidILL_BOOK</setSpec><setSpec>uge_cmu_RapidILL_BOOK</setSpec><setSpec>uge_mail_RapidILL_BOOK</setSpec><setSpec>uge_abbat_RapidILL_BOOK</setSpec><setSpec>UNIGE_ALL</setSpec><setSpec>uge_acar_RapidILL_BOOK</setSpec><setSpec>uge_aobs_RapidILL_BOOK</setSpec></header><metadata>
<record xmlns="http://www.loc.gov/MARC21/slim" xmlns:xsi="http://www.w3.org/2001/XMLSchema-instance" xsi:schemaLocation="http://www.loc.gov/MARC21/slim http://www.loc.gov/standards/marcxml/schema/MARC21slim.xsd"><leader>00913nam a2200241 c 4500</leader><controlfield tag="001">991000037759705502</controlfield><controlfield tag="005">20240308053759.0</controlfield><controlfield tag="008">880224s1875    gw ||||| |||| 00| ||ger d</controlfield><datafield ind1=" " ind2=" " tag="035"><subfield code="a">(swissbib)082509867-41slsp_network</subfield></datafield><datafield ind1=" " ind2=" " tag="035"><subfield code="a">082509867</subfield><subfield code="9">ExL</subfield></datafield><datafield ind1=" " ind2=" " tag="035"><subfield code="a">(RERO)0944568-41slsp</subfield></datafield><datafield ind1=" " ind2=" " tag="035"><subfield code="a">(ABN)000697477ABN01</subfield></datafield><datafield ind1=" " ind2=" " tag="035"><subfield code="a">(EXLNZ-41SLSP_NETWORK)991105470079705501</subfield></datafield><datafield ind1=" " ind2=" " tag="040"><subfield code="a">RERO geudbu</subfield><subfield code="d">CH-ZuSLS</subfield></datafield><datafield ind1=" " ind2="7" tag="072"><subfield code="a">al</subfield><subfield code="2">rero</subfield></datafield><datafield ind1="0" ind2="0" tag="245"><subfield code="a">Vulfila ; oder Die gotische Bibel</subfield><subfield code="b">mit dem entsprechenden griechischen Text und mit kritischem und erklärendem Commentar, nebst dem Kalender, der Skeireins und den gotischen Urkunden</subfield><subfield code="c">hrsg. von Ernst Bernhardt</subfield></datafield><datafield ind1=" " ind2="1" tag="264"><subfield code="a">Halle</subfield><subfield code="b">Buchhandlung des Waisenhauses</subfield><subfield code="c">1875</subfield></datafield><datafield ind1=" " ind2=" " tag="300"><subfield code="a">LXXI, 654 p.</subfield><subfield code="c">23 cm</subfield></datafield><datafield ind1=" " ind2=" " tag="336"><subfield code="b">txt</subfield><subfield code="2">rdacontent</subfield></datafield><datafield ind1=" " ind2=" " tag="337"><subfield code="b">n</subfield><subfield code="2">rdamedia</subfield></datafield><datafield ind1=" " ind2=" " tag="338"><subfield code="b">nc</subfield><subfield code="2">rdacarrier</subfield></datafield><datafield ind1="0" ind2=" " tag="490"><subfield code="a">Germanistische Handbibliothek</subfield><subfield code="v">3</subfield></datafield><datafield ind1="1" ind2=" " tag="700"><subfield code="a">Bernhardt, Ernst</subfield><subfield code="d">1831-1912</subfield><subfield code="0">(IDREF)182856445</subfield></datafield><datafield ind1=" " ind2=" " tag="900"><subfield code="a">REROnoselfmerge</subfield></datafield></record>
</metadata></record>