<record><header><identifier>oai:alma.41SLSP_UGE:991000037869705502</identifier><datestamp>2023-03-01T01:09:10Z</datestamp><setSpec>uge_bcen_RapidILL_BOOK</setSpec><setSpec>uge_aaca_RapidILL_BOOK</setSpec><setSpec>uge_abels_RapidILL_BOOK</setSpec><setSpec>uge_dbu_RapidILL_BOOK</setSpec><setSpec>uge_cmu_RapidILL_BOOK</setSpec><setSpec>uge_mail_RapidILL_BOOK</setSpec><setSpec>UNIGE_ALL</setSpec><setSpec>uge_abbat_RapidILL_BOOK</setSpec><setSpec>uge_aobs_RapidILL_BOOK</setSpec><setSpec>uge_acar_RapidILL_BOOK</setSpec></header><metadata>
<record xmlns="http://www.loc.gov/MARC21/slim" xmlns:xsi="http://www.w3.org/2001/XMLSchema-instance" xsi:schemaLocation="http://www.loc.gov/MARC21/slim http://www.loc.gov/standards/marcxml/schema/MARC21slim.xsd"><leader>01067nam a2200265 c 4500</leader><controlfield tag="001">991000037869705502</controlfield><controlfield tag="005">20201227142244.0</controlfield><controlfield tag="008">000829m19571958gw ||||| |||| 00| ||ger d</controlfield><datafield ind1=" " ind2=" " tag="035"><subfield code="a">(swissbib)095023518-41slsp_network</subfield></datafield><datafield ind1=" " ind2=" " tag="035"><subfield code="a">095023518</subfield><subfield code="9">ExL</subfield></datafield><datafield ind1=" " ind2=" " tag="035"><subfield code="a">(RERO)R259679660-41slsp</subfield></datafield><datafield ind1=" " ind2=" " tag="035"><subfield code="a">(EXLNZ-41SLSP_NETWORK)991141547479705501</subfield></datafield><datafield ind1=" " ind2=" " tag="040"><subfield code="a">RERO nebpun</subfield><subfield code="d">CH-ZuSLS</subfield></datafield><datafield ind1="1" ind2=" " tag="041"><subfield code="a">ger</subfield><subfield code="h">dan</subfield></datafield><datafield ind1=" " ind2="7" tag="072"><subfield code="a">ph</subfield><subfield code="2">rero</subfield></datafield><datafield ind1="1" ind2=" " tag="100"><subfield code="a">Kierkegaard, Søren</subfield><subfield code="d">1813-1855</subfield><subfield code="0">(IDREF)026949415</subfield><subfield code="4">cre</subfield></datafield><datafield ind1="1" ind2="0" tag="245"><subfield code="a">Gesammelte Werke</subfield><subfield code="c">Sören Kierkegaard.</subfield><subfield code="n">Abt. 16</subfield><subfield code="p">Abschliessende unwissenschaftliche Nachschrift zu den &quot;Philosophischen Brocken&quot; / [übers. von Hans Martin Junghans]</subfield></datafield><datafield ind1=" " ind2="1" tag="264"><subfield code="a">Düsseldorf</subfield><subfield code="a">Köln</subfield><subfield code="b">E. Diederichs</subfield><subfield code="c">1957-1958</subfield></datafield><datafield ind1=" " ind2=" " tag="300"><subfield code="a">2 vol. (IX, 355; X, 418 p.)</subfield><subfield code="c">21 cm</subfield></datafield><datafield ind1=" " ind2=" " tag="336"><subfield code="b">txt</subfield><subfield code="2">rdacontent</subfield></datafield><datafield ind1=" " ind2=" " tag="337"><subfield code="b">n</subfield><subfield code="2">rdamedia</subfield></datafield><datafield ind1=" " ind2=" " tag="338"><subfield code="b">nc</subfield><subfield code="2">rdacarrier</subfield></datafield><datafield ind1=" " ind2=" " tag="500"><subfield code="a">Trad. de: Afsluttende uvidenskabelig efterskrift til de &quot;Philosophiske smuler&quot;</subfield></datafield><datafield ind1="1" ind2=" " tag="700"><subfield code="a">Junghans, Hans Martin</subfield><subfield code="0">(RERO)A003435148</subfield></datafield><datafield ind1="1" ind2=" " tag="800"><subfield code="a">Kierkegaard, Søren</subfield><subfield code="d">1813-1855</subfield><subfield code="t">Gesammelte Werke</subfield><subfield code="v">16</subfield></datafield><datafield ind1=" " ind2=" " tag="900"><subfield code="a">REROnoselfmerge</subfield></datafield></record>
</metadata></record>