<record><header><identifier>oai:alma.41SLSP_UGE:991000037549705502</identifier><datestamp>2023-03-01T01:09:10Z</datestamp><setSpec>uge_bcen_RapidILL_BOOK</setSpec><setSpec>uge_aaca_RapidILL_BOOK</setSpec><setSpec>uge_abels_RapidILL_BOOK</setSpec><setSpec>uge_dbu_RapidILL_BOOK</setSpec><setSpec>uge_cmu_RapidILL_BOOK</setSpec><setSpec>uge_mail_RapidILL_BOOK</setSpec><setSpec>UNIGE_ALL</setSpec><setSpec>uge_abbat_RapidILL_BOOK</setSpec><setSpec>uge_aobs_RapidILL_BOOK</setSpec><setSpec>uge_acar_RapidILL_BOOK</setSpec></header><metadata>
<record xmlns="http://www.loc.gov/MARC21/slim" xmlns:xsi="http://www.w3.org/2001/XMLSchema-instance" xsi:schemaLocation="http://www.loc.gov/MARC21/slim http://www.loc.gov/standards/marcxml/schema/MARC21slim.xsd"><leader>01328nam a2200349 c 4500</leader><controlfield tag="001">991000037549705502</controlfield><controlfield tag="005">20201230221033.0</controlfield><controlfield tag="008">201011s1991    fr ||||| |||| 00| ||fre d</controlfield><datafield ind1=" " ind2=" " tag="020"><subfield code="a">2905372524</subfield></datafield><datafield ind1=" " ind2=" " tag="035"><subfield code="a">(swissbib)22597648X-41slsp_network</subfield></datafield><datafield ind1=" " ind2=" " tag="035"><subfield code="a">22597648X</subfield><subfield code="9">ExL</subfield></datafield><datafield ind1=" " ind2=" " tag="035"><subfield code="a">(RERO)1385659-41slsp</subfield></datafield><datafield ind1=" " ind2=" " tag="035"><subfield code="a">(NEBIS)007750994EBI01</subfield></datafield><datafield ind1=" " ind2=" " tag="035"><subfield code="a">(EXLNZ-41SLSP_NETWORK)991062765899705501</subfield></datafield><datafield ind1=" " ind2=" " tag="040"><subfield code="a">RERO labcud</subfield><subfield code="d">CH-ZuSLS</subfield></datafield><datafield ind1="1" ind2=" " tag="041"><subfield code="a">fre</subfield><subfield code="h">eng</subfield></datafield><datafield ind1=" " ind2="7" tag="072"><subfield code="a">ph</subfield><subfield code="2">rero</subfield></datafield><datafield ind1="1" ind2=" " tag="080"><subfield code="a">1&quot;1960&quot;Der84</subfield></datafield><datafield ind1="1" ind2=" " tag="100"><subfield code="6">880-01</subfield><subfield code="a">Searle, John Rogers</subfield><subfield code="d">1932-....</subfield><subfield code="0">(IDREF)027129748</subfield><subfield code="4">cre</subfield></datafield><datafield ind1="1" ind2=" " tag="880"><subfield code="a">Searle, John R.</subfield><subfield code="d">1932-</subfield><subfield code="0">(DE-588)118612484</subfield><subfield code="6">100-01</subfield></datafield><datafield ind1="1" ind2="0" tag="245"><subfield code="a">Pour réitérer les différences</subfield><subfield code="b">réponse à Derrida</subfield><subfield code="c">John R. Searle ; trad. de l'anglais et postfacé par Joëlle Proust</subfield></datafield><datafield ind1=" " ind2="1" tag="264"><subfield code="a">Combas</subfield><subfield code="b">Ed. de l'éclat</subfield><subfield code="c">1991</subfield></datafield><datafield ind1=" " ind2=" " tag="300"><subfield code="a">31 p.</subfield><subfield code="c">21 cm</subfield></datafield><datafield ind1=" " ind2=" " tag="336"><subfield code="b">txt</subfield><subfield code="2">rdacontent</subfield></datafield><datafield ind1=" " ind2=" " tag="337"><subfield code="b">n</subfield><subfield code="2">rdamedia</subfield></datafield><datafield ind1=" " ind2=" " tag="338"><subfield code="b">nc</subfield><subfield code="2">rdacarrier</subfield></datafield><datafield ind1="1" ind2=" " tag="490"><subfield code="a">Tiré à part</subfield><subfield code="v">année 2, fasc. 5</subfield></datafield><datafield ind1="1" ind2="7" tag="600"><subfield code="a">Austin, John Langshaw</subfield><subfield code="d">1911-1960</subfield><subfield code="0">(IDREF)029321115</subfield><subfield code="2">idref</subfield></datafield><datafield ind1="1" ind2="7" tag="600"><subfield code="a">Derrida, Jacques</subfield><subfield code="d">1930-2004</subfield><subfield code="0">(IDREF)027287130</subfield><subfield code="2">idref</subfield></datafield><datafield ind1="1" ind2=" " tag="700"><subfield code="a">Proust, Joëlle</subfield><subfield code="d">1947-</subfield><subfield code="0">(DE-588)1068679107</subfield><subfield code="6">880-02</subfield></datafield><datafield ind1="1" ind2=" " tag="880"><subfield code="6">700-02</subfield><subfield code="a">Proust, Joëlle</subfield><subfield code="d">1947-....</subfield><subfield code="0">(IDREF)027083845</subfield></datafield><datafield ind1=" " ind2=" " tag="830"><subfield code="a">Tiré à part</subfield><subfield code="p">Ed. de l'éclat</subfield><subfield code="v">9</subfield><subfield code="w">(RERO)1329644-41slsp</subfield></datafield><datafield ind1=" " ind2=" " tag="900"><subfield code="a">REROnoselfmerge</subfield></datafield></record>
</metadata></record>