<record><header><identifier>oai:alma.41SLSP_UGE:991000037029705502</identifier><datestamp>2023-03-01T01:09:10Z</datestamp><setSpec>uge_bcen_RapidILL_BOOK</setSpec><setSpec>uge_aaca_RapidILL_BOOK</setSpec><setSpec>uge_abels_RapidILL_BOOK</setSpec><setSpec>uge_dbu_RapidILL_BOOK</setSpec><setSpec>uge_cmu_RapidILL_BOOK</setSpec><setSpec>uge_mail_RapidILL_BOOK</setSpec><setSpec>UNIGE_ALL</setSpec><setSpec>uge_abbat_RapidILL_BOOK</setSpec><setSpec>uge_aobs_RapidILL_BOOK</setSpec><setSpec>uge_acar_RapidILL_BOOK</setSpec></header><metadata>
<record xmlns="http://www.loc.gov/MARC21/slim" xmlns:xsi="http://www.w3.org/2001/XMLSchema-instance" xsi:schemaLocation="http://www.loc.gov/MARC21/slim http://www.loc.gov/standards/marcxml/schema/MARC21slim.xsd"><leader>01031nam a2200301 c 4500</leader><controlfield tag="001">991000037029705502</controlfield><controlfield tag="005">20201227135030.0</controlfield><controlfield tag="008">970617s1996    sp ||||| |||| 00| ||spa d</controlfield><datafield ind1=" " ind2=" " tag="020"><subfield code="a">8481381322</subfield></datafield><datafield ind1=" " ind2=" " tag="035"><subfield code="a">(swissbib)09227188X-41slsp_network</subfield></datafield><datafield ind1=" " ind2=" " tag="035"><subfield code="a">09227188X</subfield><subfield code="9">ExL</subfield></datafield><datafield ind1=" " ind2=" " tag="035"><subfield code="a">(RERO)R215786260-41slsp</subfield></datafield><datafield ind1=" " ind2=" " tag="035"><subfield code="a">(EXLNZ-41SLSP_NETWORK)991067988159705501</subfield></datafield><datafield ind1=" " ind2=" " tag="040"><subfield code="a">RERO labcud</subfield><subfield code="d">CH-ZuSLS</subfield></datafield><datafield ind1=" " ind2="7" tag="072"><subfield code="a">la</subfield><subfield code="2">rero</subfield></datafield><datafield ind1="1" ind2=" " tag="100"><subfield code="a">Cartagena, Alonso de</subfield><subfield code="0">(RERO)A003080094</subfield><subfield code="4">cre</subfield></datafield><datafield ind1="1" ind2="0" tag="245"><subfield code="a">Libros de Tulio</subfield><subfield code="b">de Senetute de los ofiçios</subfield><subfield code="c">Alonso de Cartagena ; ed., prólogo y notas de María Morrás</subfield></datafield><datafield ind1=" " ind2="1" tag="264"><subfield code="a">Alcalá de Henares</subfield><subfield code="b">Universidad de Alcalá de Henares</subfield><subfield code="c">1996</subfield></datafield><datafield ind1=" " ind2=" " tag="300"><subfield code="a">XI, 478 p.</subfield><subfield code="c">22 cm</subfield></datafield><datafield ind1=" " ind2=" " tag="336"><subfield code="b">txt</subfield><subfield code="2">rdacontent</subfield></datafield><datafield ind1=" " ind2=" " tag="337"><subfield code="b">n</subfield><subfield code="2">rdamedia</subfield></datafield><datafield ind1=" " ind2=" " tag="338"><subfield code="b">nc</subfield><subfield code="2">rdacarrier</subfield></datafield><datafield ind1="1" ind2=" " tag="490"><subfield code="a">Poetria nova</subfield><subfield code="v">2</subfield></datafield><datafield ind1="1" ind2=" " tag="700"><subfield code="a">Morrás Ruiz-Falcó, María</subfield><subfield code="d">1962-....</subfield><subfield code="0">(IDREF)074010018</subfield></datafield><datafield ind1="1" ind2="2" tag="700"><subfield code="a">Cicero, Marcus Tullius</subfield><subfield code="t">Cato maior de senectute</subfield></datafield><datafield ind1="1" ind2="2" tag="700"><subfield code="a">Cicero, Marcus Tullius</subfield><subfield code="t">De officiis</subfield></datafield><datafield ind1="1" ind2=" " tag="700"><subfield code="a">Cicero, Marcus Tullius</subfield></datafield><datafield ind1=" " ind2="0" tag="830"><subfield code="a">Poetria nova</subfield><subfield code="v">2</subfield></datafield><datafield ind1=" " ind2=" " tag="900"><subfield code="a">REROnoselfmerge</subfield></datafield><datafield ind1=" " ind2=" " tag="993"><subfield code="a">BFLA 121110</subfield><subfield code="x">ge/ules/a/98/218</subfield><subfield code="9">LOCAL</subfield></datafield></record>
</metadata></record>