<record><header><identifier>oai:alma.41SLSP_UGE:991000037339705502</identifier><datestamp>2023-06-26T00:15:53Z</datestamp><setSpec>UNIGE_ALL</setSpec></header><metadata>
<record xmlns="http://www.loc.gov/MARC21/slim" xmlns:xsi="http://www.w3.org/2001/XMLSchema-instance" xsi:schemaLocation="http://www.loc.gov/MARC21/slim http://www.loc.gov/standards/marcxml/schema/MARC21slim.xsd"><leader>02230ngm a22003137c 4500</leader><controlfield tag="001">991000037339705502</controlfield><controlfield tag="005">20230625102439.0</controlfield><controlfield tag="007">vd |v||||</controlfield><controlfield tag="008">110518s2011    fr ||| |          v|fre d</controlfield><datafield ind1="3" ind2=" " tag="024"><subfield code="a">3453277822399</subfield></datafield><datafield ind1="4" ind2="2" tag="028"><subfield code="a">782239</subfield></datafield><datafield ind1=" " ind2=" " tag="035"><subfield code="a">(swissbib)113677286-41slsp_network</subfield></datafield><datafield ind1=" " ind2=" " tag="035"><subfield code="a">113677286</subfield><subfield code="9">ExL</subfield></datafield><datafield ind1=" " ind2=" " tag="035"><subfield code="a">(RERO)R006051689-41slsp</subfield></datafield><datafield ind1=" " ind2=" " tag="035"><subfield code="a">(EXLNZ-41SLSP_NETWORK)991038690839705501</subfield></datafield><datafield ind1=" " ind2=" " tag="040"><subfield code="a">RERO geheid</subfield><subfield code="d">CH-ZuSLS</subfield></datafield><datafield ind1=" " ind2="7" tag="072"><subfield code="a">ht</subfield><subfield code="2">rero</subfield></datafield><datafield ind1="1" ind2=" " tag="080"><subfield code="a">791.43-92(086.8):94(44)&quot;1939/1945&quot;</subfield></datafield><datafield ind1="0" ind2="0" tag="245"><subfield code="a">&lt;&lt;Le&gt;&gt; procès Barbie</subfield><subfield code="b">Lyon 11 mai - 4 juillet 1987</subfield><subfield code="c">dir. artistique et réal. Philippe Truffault</subfield></datafield><datafield ind1=" " ind2="1" tag="264"><subfield code="a">[Lieu de publication non identifié]</subfield><subfield code="b">Arte éditions</subfield><subfield code="c">2011</subfield></datafield><datafield ind1=" " ind2=" " tag="300"><subfield code="a">6 DVD vidéo (1300 min)</subfield><subfield code="e">1 livret</subfield></datafield><datafield ind1=" " ind2=" " tag="336"><subfield code="b">tdi</subfield><subfield code="2">rdacontent</subfield></datafield><datafield ind1=" " ind2=" " tag="337"><subfield code="b">v</subfield><subfield code="2">rdamedia</subfield></datafield><datafield ind1=" " ind2=" " tag="338"><subfield code="b">vd</subfield><subfield code="2">rdacarrier</subfield></datafield><datafield ind1="0" ind2=" " tag="505"><subfield code="a">Compléments de programme : A propos du procès Barbie / réal. Jérôme Prieur (2011. - 140 min.)</subfield></datafield><datafield ind1="8" ind2=" " tag="520"><subfield code="a">&quot;Le 11 mai 1987, s'ouvre devant la cour d'assises du Rhône, au palais de justice de Lyon, le procès de Klaus Barbie. Pour la première fois en France, un officier nazi est jugé pour crime contre l'humanité. Pour la première fois aussi, un procès d'assises est filmé dans son intégralité : 107 témoins et experts, 42 avocats dont 39 pour les parties civiles sont entendus, au total 145 heures de débats. Ancien officier SS, chargé d'éradiquer la Résistance et de déporter les Juifs entre 1942 et 1944, Klaus Barbie a été arrêté après quarante ans de cavale. Il est poursuivi principalement pour sa responsabilité dans la rafle du 9 février 1943 rue Sainte-Catherine à Lyon, la rafle des enfants d'Izieu du 6 avril 1944, et le convoi de déportation du 11 août 1944. Le 4 juillet 1987, il est condamné à la réclusion criminelle à perpétuité. Ce coffret restitue les 37 jours d'audience du procès dans leur ordre chronologique initial, sans ajout de commentaire. Un document inédit et capital pour la justice, pour l'histoire, pour la mémoire.&quot;</subfield><subfield code="5">RERO/geheid/05.2011</subfield></datafield><datafield ind1="1" ind2="7" tag="600"><subfield code="a">Barbie, Klaus</subfield><subfield code="d">1913-1991</subfield><subfield code="0">(IDREF)027605043</subfield><subfield code="2">idref</subfield></datafield><datafield ind1=" " ind2="7" tag="650"><subfield code="a">Procès</subfield><subfield code="0">(IDREF)027776298</subfield><subfield code="2">idref</subfield></datafield><datafield ind1=" " ind2="7" tag="655"><subfield code="a">DVD</subfield><subfield code="2">idref</subfield><subfield code="0">(IDREF)035108444</subfield></datafield><datafield ind1="1" ind2=" " tag="700"><subfield code="a">Truffault, Philippe</subfield><subfield code="d">1952-....</subfield><subfield code="0">(IDREF)05983711X</subfield></datafield></record>
</metadata></record>