<record><header><identifier>oai:alma.41SLSP_UGE:991000037149705502</identifier><datestamp>2023-04-08T00:19:52Z</datestamp><setSpec>uge_bcen_RapidILL_BOOK</setSpec><setSpec>uge_aaca_RapidILL_BOOK</setSpec><setSpec>uge_abels_RapidILL_BOOK</setSpec><setSpec>uge_dbu_RapidILL_BOOK</setSpec><setSpec>uge_cmu_RapidILL_BOOK</setSpec><setSpec>uge_mail_RapidILL_BOOK</setSpec><setSpec>uge_abbat_RapidILL_BOOK</setSpec><setSpec>UNIGE_ALL</setSpec><setSpec>uge_acar_RapidILL_BOOK</setSpec><setSpec>uge_aobs_RapidILL_BOOK</setSpec></header><metadata>
<record xmlns="http://www.loc.gov/MARC21/slim" xmlns:xsi="http://www.w3.org/2001/XMLSchema-instance" xsi:schemaLocation="http://www.loc.gov/MARC21/slim http://www.loc.gov/standards/marcxml/schema/MARC21slim.xsd"><leader>02282nam a2200637 c 4500</leader><controlfield tag="001">991000037149705502</controlfield><controlfield tag="005">20230407210918.0</controlfield><controlfield tag="008">201011s2004    gw ||||| |||| 00| ||eng d</controlfield><datafield ind1=" " ind2=" " tag="015"><subfield code="a">GFR-CIP-04,N24,0083</subfield><subfield code="a">DNB-04,A36,0113</subfield></datafield><datafield ind1="7" ind2=" " tag="016"><subfield code="a">97118397X</subfield><subfield code="2">GyFmDB</subfield></datafield><datafield ind1=" " ind2=" " tag="020"><subfield code="a">393720251X</subfield><subfield code="c">Pp. : EUR 74.00</subfield></datafield><datafield ind1=" " ind2=" " tag="035"><subfield code="a">(swissbib)227593111-41slsp_network</subfield></datafield><datafield ind1=" " ind2=" " tag="035"><subfield code="a">227593111</subfield><subfield code="9">ExL</subfield></datafield><datafield ind1=" " ind2=" " tag="035"><subfield code="a">(RERO)R003792323-41slsp</subfield></datafield><datafield ind1=" " ind2=" " tag="035"><subfield code="a">(IDSBB)003371482DSV01</subfield></datafield><datafield ind1=" " ind2=" " tag="035"><subfield code="a">(NEBIS)004808546EBI01</subfield></datafield><datafield ind1=" " ind2=" " tag="035"><subfield code="a">(DDB)97118397X</subfield></datafield><datafield ind1=" " ind2=" " tag="035"><subfield code="a">(EXLNZ-41SLSP_NETWORK)991143554899705501</subfield></datafield><datafield ind1=" " ind2=" " tag="040"><subfield code="a">RERO frbcuc</subfield><subfield code="d">CH-ZuSLS</subfield></datafield><datafield ind1=" " ind2="7" tag="072"><subfield code="a">ph</subfield><subfield code="2">rero</subfield></datafield><datafield ind1=" " ind2="7" tag="072"><subfield code="a">ph</subfield><subfield code="2">SzZuIDS BS/BE</subfield></datafield><datafield ind1="1" ind2=" " tag="080"><subfield code="a">142</subfield></datafield><datafield ind1="0" ind2="4" tag="082"><subfield code="a">415</subfield><subfield code="2">22</subfield></datafield><datafield ind1=" " ind2=" " tag="084"><subfield code="a">CC 2500</subfield><subfield code="2">rvk</subfield></datafield><datafield ind1=" " ind2=" " tag="084"><subfield code="a">CC 2600</subfield><subfield code="2">rvk</subfield></datafield><datafield ind1=" " ind2=" " tag="084"><subfield code="a">CC 6020</subfield><subfield code="2">rvk</subfield></datafield><datafield ind1="0" ind2="0" tag="245"><subfield code="a">Relations and predicates</subfield><subfield code="c">Herbert Hochberg, Kevin Mulligan (eds.)</subfield></datafield><datafield ind1=" " ind2="1" tag="264"><subfield code="a">Frankfurt a.M. [etc.]</subfield><subfield code="b">Ontos Verl.</subfield><subfield code="c">2004</subfield></datafield><datafield ind1=" " ind2=" " tag="300"><subfield code="a">256 S.</subfield><subfield code="b">graph. Darst.</subfield></datafield><datafield ind1=" " ind2=" " tag="336"><subfield code="b">txt</subfield><subfield code="2">rdacontent</subfield></datafield><datafield ind1=" " ind2=" " tag="337"><subfield code="b">n</subfield><subfield code="2">rdamedia</subfield></datafield><datafield ind1=" " ind2=" " tag="338"><subfield code="b">nc</subfield><subfield code="2">rdacarrier</subfield></datafield><datafield ind1="1" ind2=" " tag="490"><subfield code="a">Philosophische Analyse</subfield><subfield code="v">Bd. 11</subfield></datafield><datafield ind1="1" ind2=" " tag="490"><subfield code="a">Philosophical analysis</subfield><subfield code="v">vol. 11</subfield></datafield><datafield ind1=" " ind2=" " tag="504"><subfield code="a">Literaturangaben</subfield></datafield><datafield ind1=" " ind2="7" tag="650"><subfield code="a">Prédicat (logique)</subfield><subfield code="0">(IDREF)027301273</subfield><subfield code="2">idref</subfield></datafield><datafield ind1=" " ind2="7" tag="650"><subfield code="a">Relation (philosophie)</subfield><subfield code="0">(IDREF)027508498</subfield><subfield code="2">idref</subfield></datafield><datafield ind1=" " ind2="7" tag="650"><subfield code="a">Prädikatenlogik</subfield><subfield code="2">idsbb</subfield></datafield><datafield ind1=" " ind2="7" tag="650"><subfield code="a">Relation (Math.)</subfield><subfield code="2">idsbb</subfield></datafield><datafield ind1=" " ind2="7" tag="650"><subfield code="a">Relation (Philos.)</subfield><subfield code="2">idsbb</subfield></datafield><datafield ind1=" " ind2="7" tag="650"><subfield code="a">Relation</subfield><subfield code="0">(DE-588)4049355-6</subfield><subfield code="2">gnd</subfield></datafield><datafield ind1=" " ind2="7" tag="650"><subfield code="a">Relation</subfield><subfield code="2">idszbz</subfield></datafield><datafield ind1=" " ind2="7" tag="650"><subfield code="a">Linguistik</subfield><subfield code="0">(DE-588)4074250-7</subfield><subfield code="2">gnd</subfield></datafield><datafield ind1=" " ind2="7" tag="650"><subfield code="a">Prädikat</subfield><subfield code="g">Logik</subfield><subfield code="0">(DE-588)4389352-1</subfield><subfield code="2">gnd</subfield></datafield><datafield ind1=" " ind2="0" tag="650"><subfield code="a">Grammar, Comparative and general</subfield><subfield code="x">Verb phrase</subfield></datafield><datafield ind1=" " ind2="0" tag="650"><subfield code="a">Predicate (Logic)</subfield></datafield><datafield ind1=" " ind2="0" tag="650"><subfield code="a">Prediction (Logic)</subfield></datafield><datafield ind1=" " ind2="0" tag="650"><subfield code="a">Relation (Philosophy)</subfield></datafield><datafield ind1=" " ind2="7" tag="655"><subfield code="a">[Études diverses]</subfield><subfield code="0">(RERO)A022249905</subfield><subfield code="2">rero</subfield></datafield><datafield ind1=" " ind2="7" tag="655"><subfield code="a">Aufsatzsammlung</subfield><subfield code="2">gnd-content</subfield></datafield><datafield ind1="1" ind2=" " tag="700"><subfield code="a">Mulligan, Kevin</subfield><subfield code="d">1951-....</subfield><subfield code="0">(IDREF)029515688</subfield></datafield><datafield ind1="1" ind2=" " tag="700"><subfield code="a">Hochberg, Herbert</subfield><subfield code="d">1929-</subfield><subfield code="0">(DE-588)124852939</subfield><subfield code="6">880-03</subfield></datafield><datafield ind1="1" ind2=" " tag="880"><subfield code="6">700-03</subfield><subfield code="a">Hochberg, Herbert</subfield><subfield code="d">1929-....</subfield><subfield code="0">(IDREF)086112120</subfield></datafield><datafield ind1=" " ind2=" " tag="830"><subfield code="a">Philosophische Analyse</subfield><subfield code="v">11</subfield><subfield code="w">(IDSBB)003098756DSV01</subfield></datafield><datafield ind1=" " ind2=" " tag="830"><subfield code="a">Philosophische Analyse</subfield><subfield code="v">11</subfield><subfield code="w">(RERO)R003799287-41slsp</subfield></datafield><datafield ind1=" " ind2=" " tag="900"><subfield code="a">REROnoselfmerge</subfield></datafield><datafield ind1=" " ind2=" " tag="900"><subfield code="a">IDSZ2zbzmon200411f</subfield><subfield code="c">IDSZ2gehm</subfield><subfield code="d">IDSZ2zbzswk200411b</subfield><subfield code="e">IDSZ2baur</subfield></datafield></record>
</metadata></record>