<record><header><identifier>oai:alma.41SLSP_UGE:991000037359705502</identifier><datestamp>2023-06-30T00:18:15Z</datestamp><setSpec>uge_bcen_RapidILL_BOOK</setSpec><setSpec>uge_aaca_RapidILL_BOOK</setSpec><setSpec>uge_abels_RapidILL_BOOK</setSpec><setSpec>uge_dbu_RapidILL_BOOK</setSpec><setSpec>uge_cmu_RapidILL_BOOK</setSpec><setSpec>uge_mail_RapidILL_BOOK</setSpec><setSpec>uge_abbat_RapidILL_BOOK</setSpec><setSpec>UNIGE_ALL</setSpec><setSpec>uge_aobs_RapidILL_BOOK</setSpec><setSpec>uge_acar_RapidILL_BOOK</setSpec></header><metadata>
<record xmlns="http://www.loc.gov/MARC21/slim" xmlns:xsi="http://www.w3.org/2001/XMLSchema-instance" xsi:schemaLocation="http://www.loc.gov/MARC21/slim http://www.loc.gov/standards/marcxml/schema/MARC21slim.xsd"><leader>01513naa a2200253 c 4500</leader><controlfield tag="001">991000037359705502</controlfield><controlfield tag="005">20230629192836.0</controlfield><controlfield tag="008">130703s2013    sz ||||| |||| 00| ||fre d</controlfield><datafield ind1=" " ind2=" " tag="035"><subfield code="a">(swissbib)117655961-41slsp_network</subfield></datafield><datafield ind1=" " ind2=" " tag="035"><subfield code="a">117655961</subfield><subfield code="9">ExL</subfield></datafield><datafield ind1=" " ind2=" " tag="035"><subfield code="a">(RERO)R007340093-41slsp</subfield></datafield><datafield ind1=" " ind2=" " tag="035"><subfield code="a">(EXLNZ-41SLSP_NETWORK)991012074509705501</subfield></datafield><datafield ind1=" " ind2=" " tag="040"><subfield code="a">RERO geubfd</subfield><subfield code="d">CH-ZuSLS</subfield></datafield><datafield ind1=" " ind2=" " tag="044"><subfield code="a">sz</subfield><subfield code="c">ch-be</subfield></datafield><datafield ind1=" " ind2="7" tag="072"><subfield code="a">dr</subfield><subfield code="2">rero</subfield></datafield><datafield ind1=" " ind2=" " tag="084"><subfield code="a">CA/CH 98.1 i</subfield><subfield code="2">cjurrom</subfield></datafield><datafield ind1="1" ind2=" " tag="100"><subfield code="a">Bichovsky, Aude</subfield><subfield code="d">19..-....</subfield><subfield code="0">(IDREF)134117654</subfield><subfield code="4">cre</subfield></datafield><datafield ind1="1" ind2="0" tag="245"><subfield code="a">&lt;&lt;L'&gt;&gt;acte d'accusation</subfield><subfield code="b">les exigences relatives à son contenu</subfield><subfield code="c">Aude Bichovsky</subfield></datafield><datafield ind1=" " ind2=" " tag="336"><subfield code="b">txt</subfield><subfield code="2">rdacontent</subfield></datafield><datafield ind1=" " ind2=" " tag="337"><subfield code="b">n</subfield><subfield code="2">rdamedia</subfield></datafield><datafield ind1=" " ind2=" " tag="338"><subfield code="b">nc</subfield><subfield code="2">rdacarrier</subfield></datafield><datafield ind1=" " ind2=" " tag="580"><subfield code="a">In: Criminologie, politique criminelle et droit pénal dans une perspective internationale : mélanges en l'honneur de Martin Killias à l'occasion de son 65e anniversaire. - Berne : Stämpfli, 2013. - P. 943-957</subfield></datafield><datafield ind1=" " ind2="7" tag="650"><subfield code="a">Anklageschrift</subfield><subfield code="9">ger</subfield><subfield code="0">(RERO)jurivoc000001227ger</subfield><subfield code="2">jurivoc</subfield></datafield><datafield ind1=" " ind2="7" tag="651"><subfield code="a">Schweiz</subfield><subfield code="9">ger</subfield><subfield code="0">(RERO)jurivoc000019912ger</subfield><subfield code="2">jurivoc</subfield></datafield><datafield ind1="0" ind2=" " tag="773"><subfield code="t">Kriminologie, Kriminalpolitik und Strafrecht aus internationaler Perspektive : Festschrift für Martin Killias zum 65. Geburtstag = Criminologie, politique criminelle et droit pénal dans une perspective internationale : mélanges en l'honneur de Martin Killias à l'occasion de son 65e anniversaire = Criminology, criminal policy and criminal law in an international perspective : essays in honour of Martin Killias on the occasion of his 65th birthday</subfield><subfield code="g">943</subfield><subfield code="w">(RERO)R007312998-41slsp</subfield></datafield></record>
</metadata></record>