<record><header><identifier>oai:alma.41SLSP_UGE:991000037349705502</identifier><datestamp>2023-03-01T01:09:10Z</datestamp><setSpec>uge_bcen_RapidILL_BOOK</setSpec><setSpec>uge_aaca_RapidILL_BOOK</setSpec><setSpec>uge_abels_RapidILL_BOOK</setSpec><setSpec>uge_dbu_RapidILL_BOOK</setSpec><setSpec>uge_cmu_RapidILL_BOOK</setSpec><setSpec>uge_mail_RapidILL_BOOK</setSpec><setSpec>UNIGE_ALL</setSpec><setSpec>uge_abbat_RapidILL_BOOK</setSpec><setSpec>uge_acar_RapidILL_BOOK</setSpec><setSpec>uge_aobs_RapidILL_BOOK</setSpec></header><metadata>
<record xmlns="http://www.loc.gov/MARC21/slim" xmlns:xsi="http://www.w3.org/2001/XMLSchema-instance" xsi:schemaLocation="http://www.loc.gov/MARC21/slim http://www.loc.gov/standards/marcxml/schema/MARC21slim.xsd"><leader>02038nam a2200577 c 4500</leader><controlfield tag="001">991000037349705502</controlfield><controlfield tag="005">20230204203123.0</controlfield><controlfield tag="008">201011t19991999sz ||||| |||| 00| ||eng d</controlfield><datafield ind1=" " ind2=" " tag="019"><subfield code="a">Hayden, Patrick (1965-) / Library of Congress</subfield></datafield><datafield ind1=" " ind2=" " tag="020"><subfield code="a">0820442828</subfield><subfield code="q">pbk. : alk. paper</subfield></datafield><datafield ind1=" " ind2=" " tag="035"><subfield code="a">(swissbib)225312492-41slsp_network</subfield></datafield><datafield ind1=" " ind2=" " tag="035"><subfield code="a">225312492</subfield><subfield code="9">ExL</subfield></datafield><datafield ind1=" " ind2=" " tag="035"><subfield code="a">(RERO)R264304560-41slsp</subfield></datafield><datafield ind1=" " ind2=" " tag="035"><subfield code="a">(IDSBB)001646216DSV01</subfield></datafield><datafield ind1=" " ind2=" " tag="035"><subfield code="a">(NEBIS)002001482EBI01</subfield></datafield><datafield ind1=" " ind2=" " tag="035"><subfield code="a">(EXLNZ-41SLSP_NETWORK)991050313059705501</subfield></datafield><datafield ind1=" " ind2=" " tag="040"><subfield code="a">RERO geuth-</subfield><subfield code="d">CH-ZuSLS</subfield></datafield><datafield ind1=" " ind2=" " tag="044"><subfield code="a">sz</subfield><subfield code="c">ch-be</subfield></datafield><datafield ind1=" " ind2="7" tag="072"><subfield code="a">ph</subfield><subfield code="2">rero</subfield></datafield><datafield ind1=" " ind2="7" tag="072"><subfield code="a">rw</subfield><subfield code="2">SzZuIDS BS/BE</subfield></datafield><datafield ind1="0" ind2="0" tag="082"><subfield code="a">340/.112</subfield><subfield code="2">21</subfield></datafield><datafield ind1="1" ind2="4" tag="082"><subfield code="a">340</subfield><subfield code="2">15</subfield></datafield><datafield ind1=" " ind2=" " tag="084"><subfield code="a">MC 1000</subfield><subfield code="2">rvk</subfield></datafield><datafield ind1=" " ind2=" " tag="084"><subfield code="a">PI 2050</subfield><subfield code="2">rvk</subfield></datafield><datafield ind1="0" ind2="0" tag="245"><subfield code="a">Philosophical perspectives on law and politics</subfield><subfield code="b">readings from Plato to Derrida</subfield><subfield code="c">ed. by Patrick Hayden</subfield></datafield><datafield ind1=" " ind2="1" tag="264"><subfield code="a">New York</subfield><subfield code="a">Bern [etc.]</subfield><subfield code="b">P. Lang</subfield><subfield code="c">[1999]</subfield></datafield><datafield ind1=" " ind2="4" tag="264"><subfield code="c">© 1999</subfield></datafield><datafield ind1=" " ind2=" " tag="300"><subfield code="a">VIII, 364 p.</subfield><subfield code="c">23 cm</subfield></datafield><datafield ind1=" " ind2=" " tag="336"><subfield code="b">txt</subfield><subfield code="2">rdacontent</subfield></datafield><datafield ind1=" " ind2=" " tag="337"><subfield code="b">n</subfield><subfield code="2">rdamedia</subfield></datafield><datafield ind1=" " ind2=" " tag="338"><subfield code="b">nc</subfield><subfield code="2">rdacarrier</subfield></datafield><datafield ind1="1" ind2=" " tag="490"><subfield code="a">Teaching texts in law and politics</subfield><subfield code="v">8</subfield></datafield><datafield ind1=" " ind2="7" tag="648"><subfield code="a">Geschichte</subfield><subfield code="2">idszbz</subfield></datafield><datafield ind1=" " ind2="7" tag="650"><subfield code="a">Philosophie politique</subfield><subfield code="0">(IDREF)027246779</subfield><subfield code="2">idref</subfield></datafield><datafield ind1=" " ind2="7" tag="650"><subfield code="a">Philosophie</subfield><subfield code="0">(IDREF)027295206</subfield><subfield code="2">idref</subfield></datafield><datafield ind1=" " ind2="7" tag="650"><subfield code="a">Droit</subfield><subfield code="0">(IDREF)027466868</subfield><subfield code="2">idref</subfield></datafield><datafield ind1=" " ind2="7" tag="650"><subfield code="a">Rechtsphilosophie</subfield><subfield code="2">idsbb</subfield></datafield><datafield ind1=" " ind2="7" tag="650"><subfield code="a">Politische Philosophie</subfield><subfield code="2">idsbb</subfield></datafield><datafield ind1=" " ind2="7" tag="650"><subfield code="a">Politische Philosophie</subfield><subfield code="2">idszbz</subfield></datafield><datafield ind1=" " ind2="7" tag="650"><subfield code="a">Rechtsphilosophie</subfield><subfield code="2">idszbz</subfield></datafield><datafield ind1=" " ind2="7" tag="650"><subfield code="a">Politische Philosophie</subfield><subfield code="0">(DE-588)4076226-9</subfield><subfield code="2">gnd</subfield></datafield><datafield ind1=" " ind2="7" tag="650"><subfield code="a">Rechtsphilosophie</subfield><subfield code="0">(DE-588)4048821-4</subfield><subfield code="2">gnd</subfield></datafield><datafield ind1=" " ind2="0" tag="650"><subfield code="a">Law and ethics</subfield></datafield><datafield ind1=" " ind2="0" tag="650"><subfield code="a">Law</subfield><subfield code="x">Political aspects</subfield></datafield><datafield ind1=" " ind2="0" tag="650"><subfield code="a">State, The</subfield></datafield><datafield ind1=" " ind2="7" tag="655"><subfield code="a">[Études diverses]</subfield><subfield code="0">(RERO)A022249905</subfield><subfield code="2">rero</subfield></datafield><datafield ind1=" " ind2="7" tag="655"><subfield code="a">Quelle</subfield><subfield code="2">idszbz</subfield></datafield><datafield ind1="1" ind2=" " tag="700"><subfield code="a">Hayden, Patrick</subfield><subfield code="d">1965-</subfield><subfield code="0">(DE-588)143372084</subfield><subfield code="6">880-02</subfield></datafield><datafield ind1="1" ind2=" " tag="880"><subfield code="6">700-02</subfield><subfield code="a">Hayden, Patrick</subfield><subfield code="d">1965-....</subfield><subfield code="0">(IDREF)074778870</subfield></datafield><datafield ind1=" " ind2=" " tag="830"><subfield code="a">Teaching texts in law and politics</subfield><subfield code="v">8</subfield><subfield code="w">(RERO)R232842360-41slsp</subfield></datafield><datafield ind1=" " ind2=" " tag="900"><subfield code="a">REROnoselfmerge</subfield></datafield><datafield ind1=" " ind2=" " tag="900"><subfield code="a">IDSZ2rwimon200009l</subfield><subfield code="c">IDSZ2rosi</subfield></datafield></record>
</metadata></record>