<record><header><identifier>oai:alma.41SLSP_UGE:991000037249705502</identifier><datestamp>2024-02-07T01:18:48Z</datestamp><setSpec>uge_bcen_RapidILL_BOOK</setSpec><setSpec>uge_aaca_RapidILL_BOOK</setSpec><setSpec>uge_abels_RapidILL_BOOK</setSpec><setSpec>uge_dbu_RapidILL_BOOK</setSpec><setSpec>uge_cmu_RapidILL_BOOK</setSpec><setSpec>uge_mail_RapidILL_BOOK</setSpec><setSpec>uge_abbat_RapidILL_BOOK</setSpec><setSpec>UNIGE_ALL</setSpec><setSpec>uge_acar_RapidILL_BOOK</setSpec><setSpec>uge_aobs_RapidILL_BOOK</setSpec></header><metadata>
<record xmlns="http://www.loc.gov/MARC21/slim" xmlns:xsi="http://www.w3.org/2001/XMLSchema-instance" xsi:schemaLocation="http://www.loc.gov/MARC21/slim http://www.loc.gov/standards/marcxml/schema/MARC21slim.xsd"><leader>01883nam a2200421uc 4500</leader><controlfield tag="001">991000037249705502</controlfield><controlfield tag="005">20230117184122.0</controlfield><controlfield tag="008">201011s1986    mx            01| | spa d</controlfield><datafield ind1=" " ind2=" " tag="020"><subfield code="a">9682900158</subfield></datafield><datafield ind1=" " ind2=" " tag="035"><subfield code="a">(swissbib)213082713-41slsp_network</subfield></datafield><datafield ind1=" " ind2=" " tag="035"><subfield code="a">213082713</subfield><subfield code="9">ExL</subfield></datafield><datafield ind1=" " ind2=" " tag="035"><subfield code="a">(IDSBB)000256273DSV01</subfield></datafield><datafield ind1=" " ind2=" " tag="035"><subfield code="a">(RERO)0835434-41slsp</subfield></datafield><datafield ind1=" " ind2=" " tag="035"><subfield code="a">(EXLNZ-41SLSP_NETWORK)991103574939705501</subfield></datafield><datafield ind1=" " ind2=" " tag="040"><subfield code="a">SzZuIDS BS/BE A100</subfield><subfield code="b">ger</subfield><subfield code="e">kids</subfield><subfield code="d">CH-ZuSLS</subfield></datafield><datafield ind1=" " ind2="7" tag="072"><subfield code="a">kh</subfield><subfield code="2">SzZuIDS BS/BE</subfield></datafield><datafield ind1=" " ind2="7" tag="072"><subfield code="a">ba</subfield><subfield code="2">rero</subfield></datafield><datafield ind1="0" ind2="0" tag="245"><subfield code="a">Francisco Toledo</subfield><subfield code="b">zoologia fantastica : homenaje a Jorge Luis Borges : Museo de arte moderno del Centro cultural DIFOCUR, Culiácan 1986</subfield><subfield code="c">Programa cultural de las fronteras</subfield></datafield><datafield ind1=" " ind2="1" tag="264"><subfield code="a">México</subfield><subfield code="b">Programa cultural de las fronteras</subfield><subfield code="c">1986</subfield></datafield><datafield ind1=" " ind2=" " tag="300"><subfield code="a">58 p.</subfield><subfield code="b">ill. en coul.</subfield><subfield code="c">27 x 27 cm</subfield></datafield><datafield ind1=" " ind2=" " tag="336"><subfield code="b">txt</subfield><subfield code="2">rdacontent</subfield></datafield><datafield ind1=" " ind2=" " tag="337"><subfield code="b">n</subfield><subfield code="2">rdamedia</subfield></datafield><datafield ind1=" " ind2=" " tag="338"><subfield code="b">nc</subfield><subfield code="2">rdacarrier</subfield></datafield><datafield ind1=" " ind2=" " tag="500"><subfield code="a">Wanderausstellung: Tijuana, San Antonio, Lausana, Monterrey</subfield></datafield><datafield ind1=" " ind2=" " tag="500"><subfield code="a">Ausstellung (Culiacán ; Museo de arte moderno del Centro cultural DIFOCUR ; 1986)</subfield></datafield><datafield ind1=" " ind2=" " tag="500"><subfield code="a">Exposition. Culiacán. Museo de arte moderno del Centro cultural DIFOCUR. 1986</subfield></datafield><datafield ind1=" " ind2=" " tag="500"><subfield code="a">Exposition. Lausanne. Musée cantonal des beaux-arts. 1987</subfield></datafield><datafield ind1="1" ind2="7" tag="600"><subfield code="a">Toledo, Francisco</subfield><subfield code="2">idsbb</subfield></datafield><datafield ind1="1" ind2="7" tag="600"><subfield code="a">Borges, Jorge Luis.</subfield><subfield code="t">Manual de zoología fantástica</subfield><subfield code="0">(RERO)A010055715</subfield><subfield code="2">rero</subfield></datafield><datafield ind1="1" ind2="7" tag="600"><subfield code="a">Toledo, Francisco</subfield><subfield code="d">1940-2019</subfield><subfield code="0">(IDREF)075985063</subfield><subfield code="2">idref</subfield></datafield><datafield ind1="2" ind2="7" tag="610"><subfield code="a">Galería Arvil</subfield><subfield code="g">México</subfield><subfield code="0">(IDREF)245264183</subfield><subfield code="2">idref</subfield></datafield><datafield ind1=" " ind2="7" tag="650"><subfield code="a">Illustrations</subfield><subfield code="0">(IDREF)027791785</subfield><subfield code="2">idref</subfield></datafield><datafield ind1=" " ind2="7" tag="655"><subfield code="a">Festschrift</subfield><subfield code="2">gnd-content</subfield></datafield><datafield ind1=" " ind2="7" tag="655"><subfield code="a">Ausstellungskatalog</subfield><subfield code="z">Culiacán</subfield><subfield code="y">1986</subfield><subfield code="2">gnd-content</subfield></datafield><datafield ind1=" " ind2="7" tag="655"><subfield code="a">Catalogues d'exposition</subfield><subfield code="0">(IDREF)027320456</subfield><subfield code="2">idref</subfield></datafield><datafield ind1="1" ind2=" " tag="700"><subfield code="a">Borges, Jorge Luis</subfield><subfield code="d">1899-1986</subfield><subfield code="0">(DE-588)118513532</subfield></datafield><datafield ind1="2" ind2=" " tag="710"><subfield code="a">Programa cultural de las fronteras</subfield><subfield code="g">México</subfield><subfield code="0">(DE-588)1085803694</subfield></datafield><datafield ind1="0" ind2=" " tag="730"><subfield code="a">Toledo</subfield></datafield><datafield ind1=" " ind2=" " tag="900"><subfield code="a">REROnoselfmerge</subfield></datafield><datafield ind1=" " ind2=" " tag="993"><subfield code="a">BFLB 3798</subfield><subfield code="x">ge/ulha/d/87/1023</subfield><subfield code="9">LOCAL</subfield></datafield></record>
</metadata></record>