<record><header><identifier>oai:alma.41SLSP_UGE:991000037769705502</identifier><datestamp>2023-03-01T01:09:10Z</datestamp><setSpec>uge_bcen_RapidILL_BOOK</setSpec><setSpec>uge_aaca_RapidILL_BOOK</setSpec><setSpec>uge_abels_RapidILL_BOOK</setSpec><setSpec>uge_dbu_RapidILL_BOOK</setSpec><setSpec>uge_cmu_RapidILL_BOOK</setSpec><setSpec>uge_mail_RapidILL_BOOK</setSpec><setSpec>UNIGE_ALL</setSpec><setSpec>uge_abbat_RapidILL_BOOK</setSpec><setSpec>uge_aobs_RapidILL_BOOK</setSpec><setSpec>uge_acar_RapidILL_BOOK</setSpec></header><metadata>
<record xmlns="http://www.loc.gov/MARC21/slim" xmlns:xsi="http://www.w3.org/2001/XMLSchema-instance" xsi:schemaLocation="http://www.loc.gov/MARC21/slim http://www.loc.gov/standards/marcxml/schema/MARC21slim.xsd"><leader>01453nam a2200385 c 4500</leader><controlfield tag="001">991000037769705502</controlfield><controlfield tag="005">20230213194751.0</controlfield><controlfield tag="008">170117s2015    it ||||| |||| 00| ||ita d</controlfield><datafield ind1=" " ind2=" " tag="020"><subfield code="a">8893069067</subfield></datafield><datafield ind1=" " ind2=" " tag="020"><subfield code="a">9788893069069</subfield></datafield><datafield ind1=" " ind2=" " tag="035"><subfield code="a">(swissbib)123547253-41slsp_network</subfield></datafield><datafield ind1=" " ind2=" " tag="035"><subfield code="a">123547253</subfield><subfield code="9">ExL</subfield></datafield><datafield ind1=" " ind2=" " tag="035"><subfield code="a">(RERO)R008584502-41slsp</subfield></datafield><datafield ind1=" " ind2=" " tag="035"><subfield code="a">(EXLNZ-41SLSP_NETWORK)991090439019705501</subfield></datafield><datafield ind1=" " ind2=" " tag="040"><subfield code="a">C3L</subfield><subfield code="b">eng</subfield><subfield code="e">rda</subfield><subfield code="d">CH-ZuSLS</subfield></datafield><datafield ind1=" " ind2="4" tag="050"><subfield code="a">PQ</subfield></datafield><datafield ind1=" " ind2="7" tag="072"><subfield code="a">it</subfield><subfield code="2">rero</subfield></datafield><datafield ind1="1" ind2="4" tag="082"><subfield code="a">852</subfield><subfield code="2">14</subfield></datafield><datafield ind1="1" ind2=" " tag="100"><subfield code="a">Mazzoli, Paolo Francesco</subfield><subfield code="d">1963-</subfield><subfield code="0">(RERO)A026773191</subfield><subfield code="4">cre</subfield></datafield><datafield ind1="1" ind2="0" tag="245"><subfield code="a">Per ora una cosa da nulla</subfield><subfield code="b">malattia come mito personale nell'opera di Dino Buzzati con particolare attenzione alle pièces teatrali</subfield><subfield code="c">Paolo Francesco Mazzoli</subfield></datafield><datafield ind1=" " ind2="1" tag="264"><subfield code="a">Tricase (LE) - Italy</subfield><subfield code="b">Youcanprint Self</subfield><subfield code="c">2015</subfield></datafield><datafield ind1=" " ind2=" " tag="300"><subfield code="a">200 p.</subfield><subfield code="b">ill. (chiefly color)</subfield><subfield code="c">23 cm</subfield></datafield><datafield ind1=" " ind2=" " tag="336"><subfield code="b">txt</subfield><subfield code="2">rdacontent</subfield></datafield><datafield ind1=" " ind2=" " tag="337"><subfield code="b">n</subfield><subfield code="2">rdamedia</subfield></datafield><datafield ind1=" " ind2=" " tag="338"><subfield code="b">nc</subfield><subfield code="2">rdacarrier</subfield></datafield><datafield ind1=" " ind2=" " tag="500"><subfield code="a">D. Buzzati (1906-1972)</subfield></datafield><datafield ind1=" " ind2=" " tag="504"><subfield code="a">Bibliography of Dino Buzzati's works: pages 185-188</subfield></datafield><datafield ind1=" " ind2=" " tag="504"><subfield code="a">Filmography: page 191</subfield></datafield><datafield ind1=" " ind2=" " tag="504"><subfield code="a">Includes bibliographical references (pages 192-200)</subfield></datafield><datafield ind1="1" ind2="0" tag="600"><subfield code="a">Buzzati, Dino</subfield><subfield code="d">1906-1972</subfield><subfield code="x">Criticism and interpretation</subfield></datafield><datafield ind1="1" ind2="7" tag="600"><subfield code="a">Buzzati, Dino</subfield><subfield code="d">1906-1972</subfield><subfield code="0">(IDREF)026760657</subfield><subfield code="2">idref</subfield></datafield><datafield ind1=" " ind2="0" tag="650"><subfield code="a">Diseases in literature</subfield></datafield><datafield ind1=" " ind2="7" tag="650"><subfield code="a">Maladies</subfield><subfield code="0">(IDREF)027578151</subfield><subfield code="2">idref</subfield></datafield><datafield ind1=" " ind2="7" tag="650"><subfield code="a">Thèmes, motifs</subfield><subfield code="0">(IDREF)02778987X</subfield><subfield code="2">idref</subfield></datafield><datafield ind1=" " ind2=" " tag="900"><subfield code="a">REROnoselfmerge</subfield></datafield><datafield ind1=" " ind2=" " tag="910"><subfield code="a">OCoLC</subfield><subfield code="b">20170117</subfield><subfield code="c">Droits réservés</subfield></datafield><datafield ind1=" " ind2=" " tag="993"><subfield code="a">BFLA 274776</subfield><subfield code="x">ge/ulit/a/17/41</subfield><subfield code="9">LOCAL</subfield></datafield></record>
</metadata></record>