<record><header><identifier>oai:alma.41SLSP_UGE:991000037469705502</identifier><datestamp>2023-06-06T00:10:24Z</datestamp><setSpec>UNIGE_ALL</setSpec></header><metadata>
<record xmlns="http://www.loc.gov/MARC21/slim" xmlns:xsi="http://www.w3.org/2001/XMLSchema-instance" xsi:schemaLocation="http://www.loc.gov/MARC21/slim http://www.loc.gov/standards/marcxml/schema/MARC21slim.xsd"><leader>02086ngm a2200421 c 4500</leader><controlfield tag="001">991000037469705502</controlfield><controlfield tag="005">20230605204659.0</controlfield><controlfield tag="007">vd#|v||||</controlfield><controlfield tag="008">190404s2019    fr |||            v|fre d</controlfield><datafield ind1="4" ind2="2" tag="028"><subfield code="a">3760247206548</subfield></datafield><datafield ind1=" " ind2=" " tag="035"><subfield code="a">(swissbib)125593902-41slsp_network</subfield></datafield><datafield ind1=" " ind2=" " tag="035"><subfield code="a">125593902</subfield><subfield code="9">ExL</subfield></datafield><datafield ind1=" " ind2=" " tag="035"><subfield code="a">(RERO)R008912537-41slsp</subfield></datafield><datafield ind1=" " ind2=" " tag="035"><subfield code="a">(EXLNZ-41SLSP_NETWORK)991141755869705501</subfield></datafield><datafield ind1=" " ind2=" " tag="040"><subfield code="a">RERO geumem</subfield><subfield code="d">CH-ZuSLS</subfield></datafield><datafield ind1=" " ind2="7" tag="072"><subfield code="a">ba</subfield><subfield code="2">rero</subfield></datafield><datafield ind1="0" ind2="0" tag="245"><subfield code="a">Vincent et moi</subfield><subfield code="c">un film de Edouard Cuel &amp; Gaël Breton</subfield></datafield><datafield ind1=" " ind2="1" tag="264"><subfield code="a">[Paris] : ESC Editions, 2019</subfield></datafield><datafield ind1=" " ind2="4" tag="264"><subfield code="c">© 2019</subfield></datafield><datafield ind1=" " ind2=" " tag="300"><subfield code="a">1 DVD-vidéo</subfield></datafield><datafield ind1=" " ind2=" " tag="336"><subfield code="b">tdi</subfield><subfield code="2">rdacontent</subfield></datafield><datafield ind1=" " ind2=" " tag="337"><subfield code="b">v</subfield><subfield code="2">rdamedia</subfield></datafield><datafield ind1=" " ind2=" " tag="338"><subfield code="b">vd</subfield><subfield code="2">rdacarrier</subfield></datafield><datafield ind1=" " ind2=" " tag="500"><subfield code="a">Une prod.: Next Film - ESC Edtions, 2019</subfield></datafield><datafield ind1=" " ind2=" " tag="500"><subfield code="a">Durée du film: 78 min.</subfield></datafield><datafield ind1=" " ind2=" " tag="500"><subfield code="a">Supplément: Entretiens avec le réalisateur Edouard Cuel et son fils Vincent</subfield></datafield><datafield ind1=" " ind2=" " tag="500"><subfield code="a">Durée du film : 1h18 min.</subfield></datafield><datafield ind1=" " ind2=" " tag="500"><subfield code="a">Choix de langues : français</subfield></datafield><datafield ind1=" " ind2=" " tag="500"><subfield code="a">Une prod. Next Film, cop. 2019</subfield></datafield><datafield ind1="0" ind2=" " tag="505"><subfield code="a">Supplément : &quot;Entretien avec Vincent&quot; (3 min.) ; &quot;Entretien avec le réalisateur Edouard Cuel&quot; (8 min.)</subfield></datafield><datafield ind1="8" ind2=" " tag="520"><subfield code="a">&quot;Les réalisateurs, Edouard Cuel et Gaël Breton, nous plongent dans les débuts de la vie sociale et professionnelle de Vincent, un jeune trisomique de 20 ans, qui va devoir affronter les défis d'un quotidient difficile et de la vie active. On y découvre également Edouard Cuel, le père de Vincent et coréalisateur dans sa lutte quotidienne pour que son enfant soit intégré à la vie sociale et même politique de son pays. Le témoignage du combat d'un père pour l'intégration de son fils.&quot;</subfield><subfield code="5">RERO/geumem/05.2019</subfield></datafield><datafield ind1=" " ind2="7" tag="650"><subfield code="a">Trisomiques 21</subfield><subfield code="0">(IDREF)027346080</subfield><subfield code="2">idref</subfield></datafield><datafield ind1=" " ind2="7" tag="650"><subfield code="a">Insertion professionnelle</subfield><subfield code="0">(IDREF)028203798</subfield><subfield code="2">idref</subfield></datafield><datafield ind1=" " ind2="7" tag="650"><subfield code="a">Intégration sociale</subfield><subfield code="0">(IDREF)027823423</subfield><subfield code="2">idref</subfield></datafield><datafield ind1=" " ind2="7" tag="650"><subfield code="a">Passage à la vie active</subfield><subfield code="0">(IDREF)061608319</subfield><subfield code="2">idref</subfield></datafield><datafield ind1=" " ind2="7" tag="650"><subfield code="a">Modes de vie</subfield><subfield code="0">(IDREF)028083202</subfield><subfield code="2">idref</subfield></datafield><datafield ind1=" " ind2="7" tag="655"><subfield code="a">DVD</subfield><subfield code="0">(IDREF)035108444</subfield><subfield code="2">idref</subfield></datafield><datafield ind1="1" ind2=" " tag="700"><subfield code="a">Cuel, Édouard</subfield><subfield code="0">(IDREF)114518610</subfield><subfield code="4">drt</subfield></datafield><datafield ind1="1" ind2=" " tag="700"><subfield code="a">Breton, Gaël</subfield><subfield code="0">(IDREF)193389835</subfield><subfield code="4">drt</subfield></datafield></record>
</metadata></record>