<record><header><identifier>oai:alma.41SLSP_UGE:991000037159705502</identifier><datestamp>2023-03-01T01:09:10Z</datestamp><setSpec>uge_cmu_RapidILL_JOURNAL</setSpec><setSpec>uge_aobs_RapidILL_JOURNAL</setSpec><setSpec>uge_aaca_RapidILL_JOURNAL</setSpec><setSpec>uge_bcen_RapidILL_JOURNAL</setSpec><setSpec>uge_abbat_RapidILL_JOURNAL</setSpec><setSpec>uge_mail_RapidILL_JOURNAL</setSpec><setSpec>uge_dbu_RapidILL_JOURNAL</setSpec><setSpec>UNIGE_ALL</setSpec><setSpec>uge_abels_RapidILL_JOURNAL</setSpec><setSpec>uge_acar_RapidILL_JOURNAL</setSpec></header><metadata>
<record xmlns="http://www.loc.gov/MARC21/slim" xmlns:xsi="http://www.w3.org/2001/XMLSchema-instance" xsi:schemaLocation="http://www.loc.gov/MARC21/slim http://www.loc.gov/standards/marcxml/schema/MARC21slim.xsd"><leader>00912nas a2200313 c 4500</leader><controlfield tag="001">991000037159705502</controlfield><controlfield tag="005">20201222222540.0</controlfield><controlfield tag="008">111026c20119999sz || p|  ||| 0    0fre d</controlfield><datafield ind1=" " ind2=" " tag="022"><subfield code="a">2235-3208</subfield></datafield><datafield ind1=" " ind2=" " tag="035"><subfield code="a">(swissbib)114810435-41slsp_network</subfield></datafield><datafield ind1=" " ind2=" " tag="035"><subfield code="a">114810435</subfield><subfield code="9">ExL</subfield></datafield><datafield ind1=" " ind2=" " tag="035"><subfield code="a">(RERO)R006321034-41slsp</subfield></datafield><datafield ind1=" " ind2=" " tag="035"><subfield code="a">(EXLNZ-41SLSP_NETWORK)991091591499705501</subfield></datafield><datafield ind1=" " ind2=" " tag="040"><subfield code="a">RERO labcur</subfield><subfield code="d">CH-ZuSLS</subfield></datafield><datafield ind1=" " ind2=" " tag="044"><subfield code="a">sz</subfield><subfield code="c">ch-vd</subfield></datafield><datafield ind1=" " ind2="7" tag="072"><subfield code="a">ge</subfield><subfield code="2">rero</subfield></datafield><datafield ind1="0" ind2="0" tag="245"><subfield code="a">Agefi life</subfield></datafield><datafield ind1="1" ind2=" " tag="246"><subfield code="a">Agefilife</subfield></datafield><datafield ind1=" " ind2="1" tag="264"><subfield code="a">Lausanne</subfield><subfield code="b">L'Agefi</subfield></datafield><datafield ind1=" " ind2=" " tag="300"><subfield code="a">35 cm</subfield></datafield><datafield ind1=" " ind2=" " tag="310"><subfield code="a">Bimestriel</subfield></datafield><datafield ind1=" " ind2=" " tag="336"><subfield code="b">txt</subfield><subfield code="2">rdacontent</subfield></datafield><datafield ind1=" " ind2=" " tag="337"><subfield code="b">n</subfield><subfield code="2">rdamedia</subfield></datafield><datafield ind1=" " ind2=" " tag="338"><subfield code="b">nc</subfield><subfield code="2">rdacarrier</subfield></datafield><datafield ind1="0" ind2=" " tag="362"><subfield code="a">No 76(sept/oct. 2011)-</subfield></datafield><datafield ind1=" " ind2=" " tag="580"><subfield code="a">Suppl. de: L'Agefi</subfield></datafield><datafield ind1=" " ind2=" " tag="580"><subfield code="a">Fait suite à: L'Agefi évasion</subfield></datafield><datafield ind1="0" ind2=" " tag="772"><subfield code="t">AGEFI : Agence économique et financière : quotidien suisse</subfield><subfield code="w">(RERO)0204009-41slsp</subfield></datafield><datafield ind1="0" ind2="0" tag="780"><subfield code="t">Agefi évasion</subfield><subfield code="w">(RERO)R003620633-41slsp</subfield></datafield><datafield ind1=" " ind2=" " tag="900"><subfield code="a">REROnoselfmerge</subfield></datafield></record>
</metadata></record>