<record><header><identifier>oai:alma.41SLSP_UGE:991000037799705502</identifier><datestamp>2023-03-01T01:09:10Z</datestamp><setSpec>uge_cmu_RapidILL_JOURNAL</setSpec><setSpec>uge_aobs_RapidILL_JOURNAL</setSpec><setSpec>uge_aaca_RapidILL_JOURNAL</setSpec><setSpec>uge_abbat_RapidILL_JOURNAL</setSpec><setSpec>uge_bcen_RapidILL_JOURNAL</setSpec><setSpec>uge_mail_RapidILL_JOURNAL</setSpec><setSpec>uge_dbu_RapidILL_JOURNAL</setSpec><setSpec>UNIGE_ALL</setSpec><setSpec>uge_abels_RapidILL_JOURNAL</setSpec><setSpec>uge_acar_RapidILL_JOURNAL</setSpec></header><metadata>
<record xmlns="http://www.loc.gov/MARC21/slim" xmlns:xsi="http://www.w3.org/2001/XMLSchema-instance" xsi:schemaLocation="http://www.loc.gov/MARC21/slim http://www.loc.gov/standards/marcxml/schema/MARC21slim.xsd"><leader>02498nas a2200517 c 4500</leader><controlfield tag="001">991000037799705502</controlfield><controlfield tag="005">20230119192746.0</controlfield><controlfield tag="008">201022c19969999sz || p|  ||| 0    0fre d</controlfield><datafield ind1=" " ind2=" " tag="019"><subfield code="a">Notices analytiques.</subfield><subfield code="5">RERO/geufpe/07.2007</subfield></datafield><datafield ind1=" " ind2=" " tag="035"><subfield code="a">(swissbib)252444809-41slsp_network</subfield></datafield><datafield ind1=" " ind2=" " tag="035"><subfield code="a">252444809</subfield><subfield code="9">ExL</subfield></datafield><datafield ind1=" " ind2=" " tag="035"><subfield code="a">(RERO)R213707960-41slsp</subfield></datafield><datafield ind1=" " ind2=" " tag="035"><subfield code="a">(SBT)000070721SBT01</subfield></datafield><datafield ind1=" " ind2=" " tag="035"><subfield code="a">(EXLNZ-41SLSP_NETWORK)991063011279705501</subfield></datafield><datafield ind1=" " ind2=" " tag="040"><subfield code="a">RERO gevbpu</subfield><subfield code="d">CH-ZuSLS</subfield></datafield><datafield ind1="0" ind2=" " tag="041"><subfield code="a">fre</subfield><subfield code="a">ger</subfield><subfield code="a">ita</subfield></datafield><datafield ind1=" " ind2=" " tag="044"><subfield code="a">sz</subfield><subfield code="c">ch-be</subfield></datafield><datafield ind1=" " ind2="7" tag="072"><subfield code="a">sp</subfield><subfield code="2">rero</subfield></datafield><datafield ind1=" " ind2=" " tag="084"><subfield code="a">CA/CH 38.2 f</subfield><subfield code="2">cjurrom</subfield></datafield><datafield ind1="0" ind2="0" tag="245"><subfield code="a">Tangram</subfield><subfield code="b">Zeitschrift der Eidgenössischen Kommission gegen Rassismus EKR = Revue de la Commission fédérale contre le racisme CFR = Rivista della Commissione federale contro il razzismo CFR</subfield></datafield><datafield ind1="1" ind2="3" tag="246"><subfield code="a">Bulletin der Eidgenössischen Kommission gegen Rassismus</subfield></datafield><datafield ind1="1" ind2="3" tag="246"><subfield code="a">Bulletin de la Commission fédérale contre le racisme</subfield></datafield><datafield ind1="1" ind2="3" tag="246"><subfield code="a">Bollettino della Commissione federale contro il razzismo</subfield></datafield><datafield ind1="1" ind2="1" tag="246"><subfield code="a">Zeitschrift der Eidgenössischen Kommission gegen Rassismus</subfield></datafield><datafield ind1="1" ind2="1" tag="246"><subfield code="a">Revue de la Commission fédérale contre le racisme</subfield></datafield><datafield ind1="1" ind2="1" tag="246"><subfield code="a">Rivista della Commissione federale contro il razzismo</subfield></datafield><datafield ind1="1" ind2="1" tag="246"><subfield code="a">Zeitschrift der EKR</subfield></datafield><datafield ind1="1" ind2="1" tag="246"><subfield code="a">Revue de la CFR</subfield></datafield><datafield ind1="1" ind2="1" tag="246"><subfield code="a">Rivista della CFR</subfield></datafield><datafield ind1=" " ind2="1" tag="264"><subfield code="a">Bern</subfield><subfield code="b">Eidgenössische Kommission gegen Rassismus</subfield></datafield><datafield ind1=" " ind2=" " tag="300"><subfield code="c">30 cm</subfield></datafield><datafield ind1=" " ind2=" " tag="310"><subfield code="a">Semestriel</subfield></datafield><datafield ind1=" " ind2=" " tag="336"><subfield code="b">txt</subfield><subfield code="2">rdacontent</subfield></datafield><datafield ind1=" " ind2=" " tag="337"><subfield code="b">n</subfield><subfield code="2">rdamedia</subfield></datafield><datafield ind1=" " ind2=" " tag="338"><subfield code="b">nc</subfield><subfield code="2">rdacarrier</subfield></datafield><datafield ind1="0" ind2=" " tag="362"><subfield code="a">Nr 1(September 1996)-&gt;</subfield></datafield><datafield ind1=" " ind2=" " tag="500"><subfield code="a">Egalement disponible en ligne</subfield></datafield><datafield ind1=" " ind2=" " tag="500"><subfield code="a">1996-2020: Les sous-titres sont Bulletin der Eidgenössischen Kommission gegen Rassismus = Bulletin de la Commission fédérale contre le racisme = Bollettino della Commissione federale contro il razzismo</subfield></datafield><datafield ind1=" " ind2=" " tag="500"><subfield code="a">Dès 2021: Les sous-titres sont Zeitschrift der Eidgenössischen Kommission gegen Rassismus EKR = Revue de la Commission fédérale contre le racisme CFR = Rivista della Commissione federale contro il razzismo CFR</subfield></datafield><datafield ind1=" " ind2="7" tag="650"><subfield code="a">lutte contre le racisme</subfield><subfield code="0">(RERO)A009958873</subfield><subfield code="2">rerovoc</subfield></datafield><datafield ind1=" " ind2="7" tag="651"><subfield code="a">Suisse</subfield><subfield code="0">(IDREF)027249654</subfield><subfield code="2">idref</subfield></datafield><datafield ind1=" " ind2="7" tag="655"><subfield code="a">Périodiques</subfield><subfield code="0">(IDREF)02724640X</subfield><subfield code="2">idref</subfield></datafield><datafield ind1="2" ind2=" " tag="710"><subfield code="a">Suisse</subfield><subfield code="b">Commission fédérale contre le racisme</subfield><subfield code="0">(RERO)A003874789</subfield></datafield><datafield ind1="4" ind2=" " tag="856"><subfield code="u">http://www.ekr.admin.ch/dokumentation/d108.html</subfield><subfield code="z">gratuit</subfield></datafield><datafield ind1="4" ind2="1" tag="856"><subfield code="u">http://www.ekr.admin.ch/documentation/f108.html</subfield><subfield code="z">gratuit</subfield></datafield><datafield ind1="4" ind2=" " tag="856"><subfield code="u">http://www.ekr.admin.ch/dokumentazione/i108.html</subfield><subfield code="z">gratuit</subfield></datafield><datafield ind1=" " ind2=" " tag="900"><subfield code="a">REROnoselfmerge</subfield></datafield></record>
</metadata></record>