<record><header><identifier>oai:alma.41SLSP_UGE:991000037179705502</identifier><datestamp>2024-11-19T01:08:44Z</datestamp><setSpec>uge_bcen_RapidILL_BOOK</setSpec><setSpec>uge_aaca_RapidILL_BOOK</setSpec><setSpec>uge_abels_RapidILL_BOOK</setSpec><setSpec>uge_dbu_RapidILL_BOOK</setSpec><setSpec>uge_cmu_RapidILL_BOOK</setSpec><setSpec>uge_mail_RapidILL_BOOK</setSpec><setSpec>UNIGE_ALL</setSpec><setSpec>uge_abbat_RapidILL_BOOK</setSpec><setSpec>uge_aobs_RapidILL_BOOK</setSpec><setSpec>uge_acar_RapidILL_BOOK</setSpec></header><metadata>
<record xmlns="http://www.loc.gov/MARC21/slim" xmlns:xsi="http://www.w3.org/2001/XMLSchema-instance" xsi:schemaLocation="http://www.loc.gov/MARC21/slim http://www.loc.gov/standards/marcxml/schema/MARC21slim.xsd"><leader>10881nam a2201177 c 4500</leader><controlfield tag="001">991000037179705502</controlfield><controlfield tag="005">20241118104408.0</controlfield><controlfield tag="007">tu</controlfield><controlfield tag="008">201011s2016    sz       |||| 000 0 ger| </controlfield><datafield ind1=" " ind2=" " tag="015"><subfield code="a">16,N37</subfield><subfield code="2">dnb</subfield></datafield><datafield ind1="7" ind2=" " tag="016"><subfield code="a">1113297840</subfield><subfield code="2">DE-101</subfield></datafield><datafield ind1=" " ind2=" " tag="020"><subfield code="a">3727284951</subfield></datafield><datafield ind1=" " ind2=" " tag="020"><subfield code="z">9783035413755</subfield><subfield code="q">Judocu</subfield></datafield><datafield ind1=" " ind2=" " tag="020"><subfield code="a">9783727284953</subfield><subfield code="c">CHF 218.-</subfield></datafield><datafield ind1=" " ind2=" " tag="035"><subfield code="a">(swissbib)227776194-41slsp_network</subfield></datafield><datafield ind1=" " ind2=" " tag="035"><subfield code="a">227776194</subfield><subfield code="9">ExL</subfield></datafield><datafield ind1=" " ind2=" " tag="035"><subfield code="a">(IDSBB)006626483DSV01</subfield></datafield><datafield ind1=" " ind2=" " tag="035"><subfield code="a">(IDSSG)000881944HSB01</subfield></datafield><datafield ind1=" " ind2=" " tag="035"><subfield code="a">(NEBIS)010724878EBI01</subfield></datafield><datafield ind1=" " ind2=" " tag="035"><subfield code="a">(IDSLU)001256729ILU01</subfield></datafield><datafield ind1=" " ind2=" " tag="035"><subfield code="a">(RERO)R008487339-41slsp</subfield></datafield><datafield ind1=" " ind2=" " tag="035"><subfield code="a">(OCoLC)958380561</subfield></datafield><datafield ind1=" " ind2=" " tag="035"><subfield code="a">(ABN)000802557ABN01</subfield></datafield><datafield ind1=" " ind2=" " tag="035"><subfield code="a">(EXLNZ-41SLSP_NETWORK)991047450619705501</subfield></datafield><datafield ind1=" " ind2=" " tag="040"><subfield code="a">GWDNB</subfield><subfield code="b">ger</subfield><subfield code="e">rda</subfield><subfield code="d">CH-ZuSLS</subfield></datafield><datafield ind1=" " ind2=" " tag="044"><subfield code="c">XA-CH</subfield></datafield><datafield ind1=" " ind2="7" tag="072"><subfield code="a">rw</subfield><subfield code="2">SzZuIDS BS/BE</subfield></datafield><datafield ind1=" " ind2="7" tag="072"><subfield code="a">me</subfield><subfield code="2">SzZuIDS BS/BE</subfield></datafield><datafield ind1=" " ind2="7" tag="072"><subfield code="a">807</subfield><subfield code="2">IDS LU</subfield></datafield><datafield ind1=" " ind2="7" tag="072"><subfield code="a">825</subfield><subfield code="2">IDS LU</subfield></datafield><datafield ind1=" " ind2="7" tag="072"><subfield code="a">dr</subfield><subfield code="2">rero</subfield></datafield><datafield ind1=" " ind2="7" tag="072"><subfield code="a">me</subfield><subfield code="2">rero</subfield></datafield><datafield ind1="0" ind2="4" tag="082"><subfield code="a">344.4940412</subfield><subfield code="2">23</subfield></datafield><datafield ind1="7" ind2="4" tag="082"><subfield code="a">340</subfield><subfield code="q">DE-101</subfield><subfield code="2">23sdnb</subfield></datafield><datafield ind1="7" ind2="4" tag="082"><subfield code="a">340</subfield><subfield code="2">23sdnb</subfield></datafield><datafield ind1=" " ind2=" " tag="084"><subfield code="a">PJ 3260</subfield><subfield code="2">rvk</subfield></datafield><datafield ind1=" " ind2=" " tag="084"><subfield code="a">CA/CH 58.1 g</subfield><subfield code="2">cjurrom</subfield></datafield><datafield ind1="1" ind2=" " tag="100"><subfield code="6">880-01</subfield><subfield code="a">Aebi-Müller, Regina E.</subfield><subfield code="d">1971-</subfield><subfield code="0">(DE-588)1024502996</subfield><subfield code="4">aut</subfield></datafield><datafield ind1="1" ind2=" " tag="880"><subfield code="6">100-01</subfield><subfield code="a">Aebi-Müller, Regina E.</subfield><subfield code="d">1971-....</subfield><subfield code="0">(IDREF)255162898</subfield></datafield><datafield ind1="1" ind2="0" tag="245"><subfield code="a">Arztrecht</subfield><subfield code="c">Regina E. Aebi-Müller (Prof. Dr. iur., Ordinaria für Privatrecht und Privatrechtsvergleichung an der Universität Luzern), Walter Fellmann (Prof. Dr. iur., Ordinarius für Privatrecht an der Universität Luzern, Rechtsanwalt in Luzern, Fachanwalt SAV Haftpflicht- und Versicherungsrecht), Thomas Gächter (Prof. Dr. iur., Ordinarius für Staats-, Verwaltungs- und Sozialversicherungsrecht an der Universität Zürich), Bernhard Rütsche (Prof. Dr. iur., Ordinarius für Öffentliches Recht und Rechtsphilosophie an der Universität Luzern), Brigitte Tag (Prof. Dr. iur. utr., Ordinaria für Strafrecht, Strafprozessrecht und Medizinrecht an der Universität Zürich)</subfield></datafield><datafield ind1=" " ind2="1" tag="264"><subfield code="a">Bern</subfield><subfield code="b">Stämpfli Verlag</subfield><subfield code="c">[2016]</subfield></datafield><datafield ind1=" " ind2=" " tag="300"><subfield code="a">XCVIII, 614 Seiten</subfield></datafield><datafield ind1=" " ind2=" " tag="336"><subfield code="b">txt</subfield><subfield code="2">rdacontent</subfield></datafield><datafield ind1=" " ind2=" " tag="337"><subfield code="b">n</subfield><subfield code="2">rdamedia</subfield></datafield><datafield ind1=" " ind2=" " tag="338"><subfield code="b">nc</subfield><subfield code="2">rdacarrier</subfield></datafield><datafield ind1="0" ind2=" " tag="490"><subfield code="a">Stämpflis juristische Lehrbücher</subfield></datafield><datafield ind1=" " ind2=" " tag="500"><subfield code="a">Register</subfield></datafield><datafield ind1=" " ind2=" " tag="504"><subfield code="a">Literaturverz.</subfield></datafield><datafield ind1=" " ind2="7" tag="650"><subfield code="a">Arztrecht</subfield><subfield code="0">(DE-588)4112606-3</subfield><subfield code="2">gnd</subfield></datafield><datafield ind1=" " ind2="7" tag="651"><subfield code="a">Schweiz</subfield><subfield code="0">(DE-588)4053881-3</subfield><subfield code="2">gnd</subfield></datafield><datafield ind1=" " ind2="7" tag="655"><subfield code="a">Lehrbuch</subfield><subfield code="2">gnd-content</subfield></datafield><datafield ind1=" " ind2="7" tag="650"><subfield code="a">Médecine</subfield><subfield code="x">Droit</subfield><subfield code="0">(IDREF)027742970</subfield><subfield code="2">idref</subfield></datafield><datafield ind1=" " ind2="7" tag="650"><subfield code="a">Personnel médical</subfield><subfield code="0">(IDREF)027246477</subfield><subfield code="2">idref</subfield></datafield><datafield ind1=" " ind2="7" tag="650"><subfield code="a">Médecins</subfield><subfield code="0">(IDREF)027239101</subfield><subfield code="2">idref</subfield></datafield><datafield ind1=" " ind2="7" tag="650"><subfield code="a">Droit</subfield><subfield code="0">(IDREF)027466868</subfield><subfield code="2">idref</subfield></datafield><datafield ind1=" " ind2="7" tag="650"><subfield code="a">Relations personnel médical-patient</subfield><subfield code="0">(IDREF)027556220</subfield><subfield code="2">idref</subfield></datafield><datafield ind1=" " ind2="7" tag="650"><subfield code="a">Responsabilité (droit)</subfield><subfield code="0">(IDREF)027480259</subfield><subfield code="2">idref</subfield></datafield><datafield ind1=" " ind2="7" tag="651"><subfield code="a">Suisse</subfield><subfield code="0">(IDREF)027249654</subfield><subfield code="2">idref</subfield></datafield><datafield ind1=" " ind2="7" tag="655"><subfield code="a">Manuels d'enseignement supérieur</subfield><subfield code="0">(IDREF)03020934X</subfield><subfield code="2">idref</subfield></datafield><datafield ind1=" " ind2="7" tag="650"><subfield code="a">Arzt</subfield><subfield code="9">ger</subfield><subfield code="0">(RERO)jurivoc000001823ger</subfield><subfield code="2">jurivoc</subfield></datafield><datafield ind1=" " ind2="7" tag="650"><subfield code="a">Behandlungsvertrag</subfield><subfield code="9">ger</subfield><subfield code="0">(RERO)jurivoc000003047ger</subfield><subfield code="2">jurivoc</subfield></datafield><datafield ind1=" " ind2="7" tag="650"><subfield code="a">Geschäftsführung ohne Auftrag</subfield><subfield code="9">ger</subfield><subfield code="0">(RERO)jurivoc000009750ger</subfield><subfield code="2">jurivoc</subfield></datafield><datafield ind1=" " ind2="7" tag="650"><subfield code="a">Arztpraxis</subfield><subfield code="9">ger</subfield><subfield code="0">(RERO)jurivoc000001845ger</subfield><subfield code="2">jurivoc</subfield></datafield><datafield ind1=" " ind2="7" tag="650"><subfield code="a">Auskunftspflicht</subfield><subfield code="9">ger</subfield><subfield code="0">(RERO)jurivoc000002233ger</subfield><subfield code="2">jurivoc</subfield></datafield><datafield ind1=" " ind2="7" tag="650"><subfield code="a">Patient</subfield><subfield code="9">ger</subfield><subfield code="0">(RERO)jurivoc000016943ger</subfield><subfield code="2">jurivoc</subfield></datafield><datafield ind1=" " ind2="7" tag="650"><subfield code="a">Einwilligung des Verletzten</subfield><subfield code="9">ger</subfield><subfield code="0">(RERO)jurivoc000006650ger</subfield><subfield code="2">jurivoc</subfield></datafield><datafield ind1=" " ind2="7" tag="650"><subfield code="a">Urteilsfähigkeit</subfield><subfield code="9">ger</subfield><subfield code="0">(RERO)jurivoc000024068ger</subfield><subfield code="2">jurivoc</subfield></datafield><datafield ind1=" " ind2="7" tag="650"><subfield code="a">Minderjährigkeit</subfield><subfield code="9">ger</subfield><subfield code="0">(RERO)jurivoc000015085ger</subfield><subfield code="2">jurivoc</subfield></datafield><datafield ind1=" " ind2="7" tag="650"><subfield code="a">fürsorgerische Unterbringung</subfield><subfield code="9">ger</subfield><subfield code="0">(RERO)jurivoc000050053ger</subfield><subfield code="2">jurivoc</subfield></datafield><datafield ind1=" " ind2="7" tag="650"><subfield code="a">Zwangsbehandlung</subfield><subfield code="9">ger</subfield><subfield code="0">(RERO)jurivoc000027469ger</subfield><subfield code="2">jurivoc</subfield></datafield><datafield ind1=" " ind2="7" tag="650"><subfield code="a">privatrechtliche Haftung</subfield><subfield code="9">ger</subfield><subfield code="0">(RERO)jurivoc000017692ger</subfield><subfield code="2">jurivoc</subfield></datafield><datafield ind1=" " ind2="7" tag="650"><subfield code="a">Staatshaftung</subfield><subfield code="9">ger</subfield><subfield code="0">(RERO)jurivoc000021168ger</subfield><subfield code="2">jurivoc</subfield></datafield><datafield ind1=" " ind2="7" tag="650"><subfield code="a">strafbare Handlung</subfield><subfield code="9">ger</subfield><subfield code="0">(RERO)jurivoc000021644ger</subfield><subfield code="2">jurivoc</subfield></datafield><datafield ind1=" " ind2="7" tag="650"><subfield code="a">Personendaten</subfield><subfield code="9">ger</subfield><subfield code="0">(RERO)jurivoc000017066ger</subfield><subfield code="2">jurivoc</subfield></datafield><datafield ind1=" " ind2="7" tag="650"><subfield code="a">Datenschutz</subfield><subfield code="9">ger</subfield><subfield code="0">(RERO)jurivoc000005314ger</subfield><subfield code="2">jurivoc</subfield></datafield><datafield ind1=" " ind2="7" tag="650"><subfield code="a">Wissenschaft und Forschung</subfield><subfield code="9">ger</subfield><subfield code="0">(RERO)jurivoc000026743ger</subfield><subfield code="2">jurivoc</subfield></datafield><datafield ind1=" " ind2="7" tag="650"><subfield code="a">Mensch</subfield><subfield code="9">ger</subfield><subfield code="0">(RERO)jurivoc000014917ger</subfield><subfield code="2">jurivoc</subfield></datafield><datafield ind1=" " ind2="7" tag="650"><subfield code="a">Sozialversicherung</subfield><subfield code="9">ger</subfield><subfield code="0">(RERO)jurivoc000020527ger</subfield><subfield code="2">jurivoc</subfield></datafield><datafield ind1=" " ind2="7" tag="650"><subfield code="a">Gesundheitswesen</subfield><subfield code="9">ger</subfield><subfield code="0">(RERO)jurivoc000009993ger</subfield><subfield code="2">jurivoc</subfield></datafield><datafield ind1=" " ind2="7" tag="651"><subfield code="a">Schweiz</subfield><subfield code="9">ger</subfield><subfield code="0">(RERO)jurivoc000019912ger</subfield><subfield code="2">jurivoc</subfield></datafield><datafield ind1=" " ind2="7" tag="655"><subfield code="a">Grundlagenwerk</subfield><subfield code="9">ger</subfield><subfield code="0">(RERO)jurivoc000010408ger</subfield><subfield code="2">jurivoc</subfield></datafield><datafield ind1=" " ind2="7" tag="650"><subfield code="a">ARZTRECHT (SPEZIELLE RECHTSZWEIGE)</subfield><subfield code="9">ger</subfield><subfield code="0">(ETHUDK)000065711</subfield><subfield code="2">ethudk</subfield></datafield><datafield ind1=" " ind2="7" tag="650"><subfield code="a">SCHWEIZ (MITTELEUROPA). SCHWEIZERISCHE EIDGENOSSENSCHAFT</subfield><subfield code="9">ger</subfield><subfield code="0">(ETHUDK)000004571</subfield><subfield code="2">ethudk</subfield></datafield><datafield ind1=" " ind2=" " tag="690"><subfield code="a">Sozialversicherungsrecht; Ärzte; Rechtsanwalt; Strafrecht; Gesetzgebung; Entlassung; Berufsrecht; Datenschutz; ärztliche Behandlung; Verbot; medizinische Behandlung; Haftfestigkeit; Vertrag; Patient; Einleitung; Einwilligung; Aufklärung; Forschung; Abgrenzung; Geschäftsführung; Übersicht; Urteil</subfield><subfield code="2">idssg-J</subfield></datafield><datafield ind1=" " ind2=" " tag="690"><subfield code="a">Behandlungsvertrag; Humanforschung; Patientenverfügung; Arztrecht; Selbstbestimmungsrecht; Funktionstheorie; Melderecht; Standesordnung; Zwangsbehandlung; Inhaltsübersicht; Medizinrecht; Partizipationsrecht; Kostenübernahme; Rechtsverhältnis; Berufsausübung; Datenerhebung; Heilbehandlung; Kompetenzordnung; Operationserweiterung; Privatrechtsvergleichung; Selbsttötung; Tathandlung; Urteilsfähigkeit; Urteilsunfähigkeit; Arztpatientenverhältnis; Einsichtsrecht; Gesundheitsrecht; Handlungsfähigkeit; Kernstrafrecht; Nebenstrafrecht; Produktehaftpflichtgesetz; Vertreterentscheid; Fachanwalt; Abkürzungsverzeichnis; Behandlungsverhältnis; Eingriffsaufklärung; Literaturverzeichnis; Materialienverzeichnis; Problemstellung; Ressourcenaufteilung; Sicherungsaufklärung; Spätabbruch; Stufenaufklärung; Suizidhilfe; Titelführung; Abgrenzungsfrage; Behandlungsplan; Betreuungsbedürftigkeit; Bewegungsfreiheit; Einmischungsverbot; Gesamthirntod; Lebensfähigkeit; Notfallsituation; Praxisgemeinschaft; Rechtswirkung; Schwächezustand; Sonderfrage; Taterfolg; Verhältnismässigkeit; Vertrauensperson; Wegbedingung; Zwischenergebnis; Ärztegelöbnis; Aktenherausgabe; Arztberuf; Aufklärungspflicht; Austrittsgespräch; Benachrichtigungspflicht; Berufspflicht; Beweismittel; Dokumentationspflicht; Erwachsenenschutzbehörde; Geheimhaltungspflicht; Geheimnispflicht; Gemeinschaftspraxis; Gesundheitsdaten; Gesundheitssystem; Haftungssystem; Haftungstatbestand; Hauptpflicht; Herausgabepflicht; Informationspflicht; Krankenpflegeversicherung; Körpersubstanz; Lebensende; Mitwirkungspflicht; Nebenpflicht; Patientendaten; Privatspital; Präimplantationsdiagnostik; Rechenschaftspflicht; Rechtfertigungsgrund; Rechtsfolge; Rechtsgebiet; Rechtsgut; Regelungsebene; Schutzgut; Schutzpflicht; Straftatbestand; Suizidbeihilfe; Teilnahme; Tötungsdelikt; Umgangsform; Vertragsabschluss; Vertraulichkeitspflicht; Vertretungskaskade</subfield><subfield code="2">idssg-J</subfield></datafield><datafield ind1=" " ind2=" " tag="690"><subfield code="a">Ärzte-GmbH; echte Geschäftsführung; fehlerhafte Aufklärung; nationale Ebene; unterlassenes Handeln; aktuelle Situation; allgemeine Anforderung; ambulanter Bereich; berechtigte Geschäftsführung; besondere Art; besonderer Schutz; betroffenes Interesse; betroffenes Rechtsgut; bundesstaatliche Kompetenzordnung; echte Geschäftsführung; einfache Gesellschaft; ertraglich Ertraulichkeitspflichten; erwerbstätiger Arzt; falsche Titelführung; fehlerhafte Behandlung; folgende Ausführung; freier Beruf; fürsorgerische Unterbringung; geeignete Einrichtung; gesetzliche Vertretung; gespaltenes Rechtsverhältnis; grundrechtliche Position; hippokratischer Eid; hippokratischer Genfer; historische Entwicklung; höchstpersönliches Rechtsgeschäft; internationale Ebene; kaufmännisches Gewerbe; klinischer Versuch; medizinische Ethik; minderjähriger Patient; mutmaßliche Einwilligung; nachträgliche Genehmigung; nationale Ebene; natürlicher Wille; objektive Ursache; obligatorische Krankenpflegeversicherung; perinatale Betreuung; persönliche Leistung; pflegerische Einschränkung; pflegerische Maßnahme; privatrechtlicher Behandlungsvertrag; privatärztliche Tätigkeit; rechtliche Grundlage; relevanter Straftatbestand; sorgfältige Behandlung; sorgfältige Untersuchung; spezielle Anforderung; stationärer Bereich; strafbare Körperverletzung; strafloser Schwangerschaftsabbruch; strafrechtliche Beurteilung; strafrechtliche Geheimnispflicht; strafrechtlicher Schutz; strafrechtliche Verantwortlichkeit; subjektive Voraussetzung; therapeutisches Privileg; unabhängige Überprüfung; unberechtigte Geschäftsführung; unterbliebene Aufklärung; unterbliebene Einwilligung; urteilsfähiges Kind; verfassungsrechtliche Aussage; verschiedenes Haftungssystem; verschiedenes Rechtsgebiet; verschiedene Stufe; versäumte Konsultation; vertragliche Haftung; vulnerable Person; weiterer Rechtfertigungsgrund; ärztliche Ethik; ärztliches Handeln</subfield><subfield code="2">idssg-J</subfield></datafield><datafield ind1=" " ind2=" " tag="690"><subfield code="a">ärztliche Kunst; ärztliche Leistung; ärztliche Sorgfalt; ärztliche Tätigkeit; öffentliches Interesse; öffentlichrechtliches Behandlungsverhältnis; öffentlichrechtliche Vorschrift; übliche Form</subfield><subfield code="2">idssg-J</subfield></datafield><datafield ind1=" " ind2=" " tag="690"><subfield code="a">Schweiz C4EXSI; Kanada C1CANA</subfield><subfield code="2">idssg-J</subfield></datafield><datafield ind1=" " ind2=" " tag="690"><subfield code="a">Abgrenzung Tötungsdelikte Schwangerschaftsabbruch; Arztrecht Regina Aebi-Müller Prof. Dr. iur. Ordinaria; Datenerhebung Dokumentation Information; Inhaltsübersicht Öffentlichrechtliches Behandlungsverhältnis; Müller Prof. Dr. iur.; strafloser Schwangerschaftsabbruch Art.; Tathandlung Taterfolg Art.; Universität Luzern Brigitte Tag Prof. Dr. iur. utr.; Universität Luzern Rechtsanwalt; Universität Luzern Walter Fellmann Prof. Dr. iur.; Universität Zürich Bernhard Rutsche Prof. Dr. iur.; Universität Zürich Stämpfli Inhaltsübersicht; Versicherungsrecht Thomas Gächter Prof. Dr. iur. Ordinarius</subfield><subfield code="2">idssg-J</subfield></datafield><datafield ind1=" " ind2=" " tag="691"><subfield code="e">PC 58 CH</subfield><subfield code="2">rzs-L1</subfield></datafield><datafield ind1="1" ind2=" " tag="700"><subfield code="a">Fellmann, Walter</subfield><subfield code="d">1955-</subfield><subfield code="0">(DE-588)122497341</subfield><subfield code="4">aut</subfield></datafield><datafield ind1="1" ind2=" " tag="700"><subfield code="a">Gächter, Thomas</subfield><subfield code="d">1971-</subfield><subfield code="0">(DE-588)121911160</subfield><subfield code="4">aut</subfield></datafield><datafield ind1="1" ind2=" " tag="700"><subfield code="a">Rütsche, Bernhard</subfield><subfield code="d">1970-</subfield><subfield code="0">(DE-588)114725276</subfield><subfield code="4">aut</subfield></datafield><datafield ind1="1" ind2=" " tag="700"><subfield code="a">Tag, Brigitte</subfield><subfield code="d">1959-</subfield><subfield code="0">(DE-588)11450606X</subfield><subfield code="4">aut</subfield></datafield><datafield ind1="4" ind2=" " tag="856"><subfield code="3">Titelblatt und Inhaltsverzeichnis</subfield><subfield code="u">https://toc.library.ethz.ch/objects/pdf03/z01_978-3-7272-8495-3_01.pdf</subfield><subfield code="q">pdf</subfield></datafield><datafield ind1=" " ind2=" " tag="900"><subfield code="a">Stoppsignal FRED</subfield></datafield><datafield ind1=" " ind2=" " tag="900"><subfield code="a">IDSE5E51ANH-2016</subfield></datafield><datafield ind1=" " ind2=" " tag="900"><subfield code="a">IDSE5E50ANH-2016</subfield></datafield><datafield ind1=" " ind2=" " tag="900"><subfield code="a">IDSZ2rwimon201610p</subfield><subfield code="c">IDSZ2irell 161007</subfield><subfield code="d">IDSZ2rwiswk201610b</subfield><subfield code="e">IDSZ2cont</subfield></datafield><datafield ind1=" " ind2=" " tag="900"><subfield code="a">IDSZ2zbzmon201611l</subfield><subfield code="c">IDSZ2ehrl</subfield><subfield code="d">IDSZ2zbzswk201611g</subfield><subfield code="e">IDSZ2bruu</subfield></datafield><datafield ind1=" " ind2=" " tag="900"><subfield code="a">IDSZ1ZH</subfield></datafield><datafield ind1=" " ind2=" " tag="949"><subfield code="a">https://toc.library.ethz.ch/objects/pdf03/z01_978-3-7272-8495-3_01.pdf</subfield></datafield></record>
</metadata></record>