<record><header><identifier>oai:alma.41SLSP_UGE:991000037699705502</identifier><datestamp>2023-03-01T01:09:10Z</datestamp><setSpec>uge_bcen_RapidILL_BOOK</setSpec><setSpec>uge_aaca_RapidILL_BOOK</setSpec><setSpec>uge_abels_RapidILL_BOOK</setSpec><setSpec>uge_dbu_RapidILL_BOOK</setSpec><setSpec>uge_cmu_RapidILL_BOOK</setSpec><setSpec>uge_mail_RapidILL_BOOK</setSpec><setSpec>UNIGE_ALL</setSpec><setSpec>uge_abbat_RapidILL_BOOK</setSpec><setSpec>uge_aobs_RapidILL_BOOK</setSpec><setSpec>uge_acar_RapidILL_BOOK</setSpec></header><metadata>
<record xmlns="http://www.loc.gov/MARC21/slim" xmlns:xsi="http://www.w3.org/2001/XMLSchema-instance" xsi:schemaLocation="http://www.loc.gov/MARC21/slim http://www.loc.gov/standards/marcxml/schema/MARC21slim.xsd"><leader>01715nam a2200469 c 4500</leader><controlfield tag="001">991000037699705502</controlfield><controlfield tag="005">20201231120539.0</controlfield><controlfield tag="008">201011s1994    fr ||||| |||| 00| ||fre d</controlfield><datafield ind1=" " ind2=" " tag="020"><subfield code="a">2020196751</subfield></datafield><datafield ind1="7" ind2=" " tag="024"><subfield code="a">http://catalogue.bnf.fr/ark:/12148/cb35736698j</subfield><subfield code="2">uri</subfield></datafield><datafield ind1=" " ind2=" " tag="035"><subfield code="a">(swissbib)231547102-41slsp_network</subfield></datafield><datafield ind1=" " ind2=" " tag="035"><subfield code="a">231547102</subfield><subfield code="9">ExL</subfield></datafield><datafield ind1=" " ind2=" " tag="035"><subfield code="a">(RERO)1927982-41slsp</subfield></datafield><datafield ind1=" " ind2=" " tag="035"><subfield code="a">(NEBIS)001535285EBI01</subfield></datafield><datafield ind1=" " ind2=" " tag="035"><subfield code="a">(EXLNZ-41SLSP_NETWORK)991145715819705501</subfield></datafield><datafield ind1=" " ind2=" " tag="040"><subfield code="a">RERO labcur</subfield><subfield code="d">CH-ZuSLS</subfield></datafield><datafield ind1="1" ind2=" " tag="041"><subfield code="a">fre</subfield><subfield code="h">ara</subfield></datafield><datafield ind1=" " ind2="7" tag="072"><subfield code="a">sm</subfield><subfield code="2">rero</subfield></datafield><datafield ind1="0" ind2="4" tag="082"><subfield code="a">892.736</subfield><subfield code="b">S562zXF</subfield></datafield><datafield ind1="1" ind2="4" tag="082"><subfield code="a">892.76</subfield></datafield><datafield ind1="1" ind2=" " tag="100"><subfield code="a">Shukrī, Muḥammad</subfield><subfield code="0">(RERO)A004024751</subfield><subfield code="4">cre</subfield></datafield><datafield ind1="1" ind2="0" tag="245"><subfield code="a">&lt;&lt;Le&gt;&gt; temps des erreurs</subfield><subfield code="b">roman</subfield><subfield code="c">Mohamed Choukri ; trad. de l'arabe par Mohamed el Ghoulabzouri</subfield></datafield><datafield ind1="1" ind2=" " tag="246"><subfield code="a">Zaman al-ʾaẖṭāʾ</subfield></datafield><datafield ind1=" " ind2="1" tag="264"><subfield code="a">Paris</subfield><subfield code="b">Seuil</subfield><subfield code="c">1994</subfield></datafield><datafield ind1=" " ind2=" " tag="300"><subfield code="a">183 p.</subfield><subfield code="c">21 cm</subfield></datafield><datafield ind1=" " ind2=" " tag="336"><subfield code="b">txt</subfield><subfield code="2">rdacontent</subfield></datafield><datafield ind1=" " ind2=" " tag="337"><subfield code="b">n</subfield><subfield code="2">rdamedia</subfield></datafield><datafield ind1=" " ind2=" " tag="338"><subfield code="b">nc</subfield><subfield code="2">rdacarrier</subfield></datafield><datafield ind1=" " ind2=" " tag="500"><subfield code="a">Trad. de: Zamān al-aẖṭāʾ</subfield></datafield><datafield ind1=" " ind2=" " tag="500"><subfield code="a">Originaltitel: Zaman al-ʾaẖṭāʾ</subfield></datafield><datafield ind1=" " ind2="7" tag="650"><subfield code="a">Arabisch</subfield><subfield code="2">idszbz</subfield></datafield><datafield ind1=" " ind2="7" tag="650"><subfield code="a">Roman</subfield><subfield code="2">idszbz</subfield></datafield><datafield ind1=" " ind2="0" tag="650"><subfield code="a">Arabic fiction</subfield><subfield code="y">20th century</subfield></datafield><datafield ind1=" " ind2="0" tag="650"><subfield code="a">Arabic fiction</subfield><subfield code="y">20th century</subfield><subfield code="v">Translations into French</subfield></datafield><datafield ind1=" " ind2="0" tag="650"><subfield code="a">Families</subfield><subfield code="z">Morocco</subfield><subfield code="v">Fiction</subfield></datafield><datafield ind1=" " ind2="0" tag="651"><subfield code="a">Morocco</subfield><subfield code="v">Biography</subfield></datafield><datafield ind1=" " ind2="0" tag="651"><subfield code="a">Morocco</subfield><subfield code="x">Social conditions</subfield><subfield code="v">Fiction</subfield></datafield><datafield ind1=" " ind2="0" tag="651"><subfield code="a">Morocco</subfield><subfield code="x">Social life and customs</subfield><subfield code="v">Fiction</subfield></datafield><datafield ind1=" " ind2="7" tag="655"><subfield code="a">Ausgabe</subfield><subfield code="2">idszbz</subfield></datafield><datafield ind1="1" ind2=" " tag="700"><subfield code="a">Šukrī, Muḥammad</subfield><subfield code="d">1935-2003</subfield><subfield code="0">(DE-588)11903610X</subfield></datafield><datafield ind1="1" ind2=" " tag="700"><subfield code="a">Ghoulabzouri, Mohamed El-</subfield><subfield code="0">(DE-588)1087662214</subfield></datafield><datafield ind1="1" ind2=" " tag="700"><subfield code="a">Ghoulabzouri, Mohamed El-</subfield><subfield code="0">(IDREF)031513425</subfield></datafield><datafield ind1=" " ind2=" " tag="900"><subfield code="a">REROnoselfmerge</subfield></datafield></record>
</metadata></record>