<record><header><identifier>oai:alma.41SLSP_UGE:991000037489705502</identifier><datestamp>2023-04-06T00:13:02Z</datestamp><setSpec>uge_bcen_RapidILL_BOOK</setSpec><setSpec>uge_aaca_RapidILL_BOOK</setSpec><setSpec>uge_abels_RapidILL_BOOK</setSpec><setSpec>uge_dbu_RapidILL_BOOK</setSpec><setSpec>uge_cmu_RapidILL_BOOK</setSpec><setSpec>uge_mail_RapidILL_BOOK</setSpec><setSpec>uge_abbat_RapidILL_BOOK</setSpec><setSpec>UNIGE_ALL</setSpec><setSpec>uge_aobs_RapidILL_BOOK</setSpec><setSpec>uge_acar_RapidILL_BOOK</setSpec></header><metadata>
<record xmlns="http://www.loc.gov/MARC21/slim" xmlns:xsi="http://www.w3.org/2001/XMLSchema-instance" xsi:schemaLocation="http://www.loc.gov/MARC21/slim http://www.loc.gov/standards/marcxml/schema/MARC21slim.xsd"><leader>01981nam a2200517 c 4500</leader><controlfield tag="001">991000037489705502</controlfield><controlfield tag="005">20230405194848.0</controlfield><controlfield tag="008">201012s1991    fr ||||| |||| 00| ||fre d</controlfield><datafield ind1=" " ind2=" " tag="020"><subfield code="a">2718905557</subfield></datafield><datafield ind1="7" ind2=" " tag="024"><subfield code="a">http://catalogue.bnf.fr/ark:/12148/cb35484143x</subfield><subfield code="2">uri</subfield></datafield><datafield ind1=" " ind2=" " tag="035"><subfield code="a">(swissbib)239735307-41slsp_network</subfield></datafield><datafield ind1=" " ind2=" " tag="035"><subfield code="a">239735307</subfield><subfield code="9">ExL</subfield></datafield><datafield ind1=" " ind2=" " tag="035"><subfield code="a">(RERO)1487536-41slsp</subfield></datafield><datafield ind1=" " ind2=" " tag="035"><subfield code="a">(NEBIS)001289493EBI01</subfield></datafield><datafield ind1=" " ind2=" " tag="035"><subfield code="a">(SBT)000274347SBT01</subfield></datafield><datafield ind1=" " ind2=" " tag="035"><subfield code="a">(EXLNZ-41SLSP_NETWORK)991109860069705501</subfield></datafield><datafield ind1=" " ind2=" " tag="040"><subfield code="a">RERO geuth-</subfield><subfield code="d">CH-ZuSLS</subfield></datafield><datafield ind1="1" ind2=" " tag="041"><subfield code="a">fre</subfield><subfield code="h">eng</subfield></datafield><datafield ind1=" " ind2="7" tag="072"><subfield code="a">ph</subfield><subfield code="2">rero</subfield></datafield><datafield ind1=" " ind2="7" tag="072"><subfield code="a">th</subfield><subfield code="2">rero</subfield></datafield><datafield ind1="1" ind2="4" tag="082"><subfield code="a">230</subfield><subfield code="2">9</subfield></datafield><datafield ind1="1" ind2=" " tag="100"><subfield code="a">Screech, Michael Andrew</subfield><subfield code="d">1926-2018</subfield><subfield code="0">(IDREF)02861724X</subfield><subfield code="4">cre</subfield></datafield><datafield ind1="1" ind2="0" tag="245"><subfield code="a">Erasme</subfield><subfield code="b">l'extase et l'éloge de la folie</subfield><subfield code="c">M.-A. Screech ; trad. de l'angl. par J. Chambert</subfield></datafield><datafield ind1="1" ind2=" " tag="246"><subfield code="a">Ecstasy and the Praise of folly</subfield></datafield><datafield ind1=" " ind2="1" tag="264"><subfield code="a">Paris</subfield><subfield code="b">Desclée</subfield><subfield code="c">1991</subfield></datafield><datafield ind1=" " ind2=" " tag="300"><subfield code="a">364 p.</subfield><subfield code="c">24 cm</subfield></datafield><datafield ind1=" " ind2=" " tag="336"><subfield code="b">txt</subfield><subfield code="2">rdacontent</subfield></datafield><datafield ind1=" " ind2=" " tag="337"><subfield code="b">n</subfield><subfield code="2">rdamedia</subfield></datafield><datafield ind1=" " ind2=" " tag="338"><subfield code="b">nc</subfield><subfield code="2">rdacarrier</subfield></datafield><datafield ind1="1" ind2=" " tag="490"><subfield code="a">Bibliothèque de théologie</subfield></datafield><datafield ind1=" " ind2=" " tag="500"><subfield code="a">Originaltitel: Ecstasy and the Praise of folly</subfield></datafield><datafield ind1=" " ind2=" " tag="500"><subfield code="a">Titolo originale: Ecstasy and the Praise of Folly</subfield></datafield><datafield ind1="0" ind2="7" tag="600"><subfield code="a">Érasme</subfield><subfield code="d">1469-1536</subfield><subfield code="0">(IDREF)085720372</subfield><subfield code="2">idref</subfield></datafield><datafield ind1="0" ind2="7" tag="600"><subfield code="a">Érasme</subfield><subfield code="d">1469-1536</subfield><subfield code="t">Moriae encomium</subfield><subfield code="0">(IDREF)060311452</subfield><subfield code="2">idref</subfield></datafield><datafield ind1="1" ind2="7" tag="600"><subfield code="a">Erasmus, Desiderius; Mōrias enkōmion seu laus stultitiae</subfield><subfield code="2">idszbz</subfield></datafield><datafield ind1="1" ind2="7" tag="600"><subfield code="a">Erasmus, Desiderius</subfield><subfield code="d">1466-1536</subfield><subfield code="0">(DE-588)118530666</subfield><subfield code="2">gnd</subfield></datafield><datafield ind1="1" ind2="0" tag="600"><subfield code="a">Erasmus, Desiderius</subfield><subfield code="d">-1536</subfield><subfield code="t">Moriae encomium</subfield></datafield><datafield ind1=" " ind2="7" tag="650"><subfield code="a">Extase</subfield><subfield code="0">(IDREF)027266680</subfield><subfield code="2">idref</subfield></datafield><datafield ind1=" " ind2="7" tag="650"><subfield code="a">Ekstase</subfield><subfield code="2">idszbz</subfield></datafield><datafield ind1=" " ind2="7" tag="650"><subfield code="a">Religion</subfield><subfield code="2">idszbz</subfield></datafield><datafield ind1=" " ind2="0" tag="650"><subfield code="a">Ecstasy</subfield></datafield><datafield ind1=" " ind2="0" tag="650"><subfield code="a">Folly</subfield><subfield code="x">Religious aspects</subfield><subfield code="x">Christianity</subfield></datafield><datafield ind1=" " ind2=" " tag="691"><subfield code="e">878.0408</subfield><subfield code="a">Scritti miscellanei latini. 1350- . Scritti in prosa</subfield><subfield code="2">usi-TE</subfield></datafield><datafield ind1="1" ind2=" " tag="700"><subfield code="a">Screech, Michael A.</subfield><subfield code="d">1926-</subfield><subfield code="0">(DE-588)11910492X</subfield></datafield><datafield ind1="1" ind2=" " tag="700"><subfield code="a">Chambert, Jules</subfield><subfield code="d">19..-....</subfield><subfield code="0">(IDREF)026776790</subfield></datafield><datafield ind1=" " ind2=" " tag="830"><subfield code="a">Théologie</subfield><subfield code="w">(SBT)000218034SBT01</subfield></datafield><datafield ind1=" " ind2=" " tag="900"><subfield code="a">REROnoselfmerge</subfield></datafield><datafield ind1=" " ind2=" " tag="993"><subfield code="a">MHR Ve 13a</subfield><subfield code="x">ge/mhr-/9765</subfield><subfield code="9">LOCAL</subfield></datafield></record>
</metadata></record>