<record><header><identifier>oai:alma.41SLSP_UGE:991000037689705502</identifier><datestamp>2023-04-16T00:11:47Z</datestamp><setSpec>uge_bcen_RapidILL_BOOK</setSpec><setSpec>uge_aaca_RapidILL_BOOK</setSpec><setSpec>uge_abels_RapidILL_BOOK</setSpec><setSpec>uge_dbu_RapidILL_BOOK</setSpec><setSpec>uge_cmu_RapidILL_BOOK</setSpec><setSpec>uge_mail_RapidILL_BOOK</setSpec><setSpec>uge_abbat_RapidILL_BOOK</setSpec><setSpec>UNIGE_ALL</setSpec><setSpec>uge_aobs_RapidILL_BOOK</setSpec><setSpec>uge_acar_RapidILL_BOOK</setSpec></header><metadata>
<record xmlns="http://www.loc.gov/MARC21/slim" xmlns:xsi="http://www.w3.org/2001/XMLSchema-instance" xsi:schemaLocation="http://www.loc.gov/MARC21/slim http://www.loc.gov/standards/marcxml/schema/MARC21slim.xsd"><leader>03215nam a2200589 c 4500</leader><controlfield tag="001">991000037689705502</controlfield><controlfield tag="005">20230415211016.0</controlfield><controlfield tag="008">201011s2015    xxu||||| |||| 00| ||eng d</controlfield><datafield ind1=" " ind2=" " tag="010"><subfield code="a">2014036520</subfield></datafield><datafield ind1=" " ind2=" " tag="020"><subfield code="a">9781470417086</subfield><subfield code="q">pbk</subfield></datafield><datafield ind1=" " ind2=" " tag="020"><subfield code="a">1470417081</subfield></datafield><datafield ind1=" " ind2=" " tag="035"><subfield code="a">(swissbib)22514221X-41slsp_network</subfield></datafield><datafield ind1=" " ind2=" " tag="035"><subfield code="a">22514221X</subfield><subfield code="9">ExL</subfield></datafield><datafield ind1=" " ind2=" " tag="035"><subfield code="a">(RERO)R008499506-41slsp</subfield></datafield><datafield ind1=" " ind2=" " tag="035"><subfield code="a">(NEBIS)010388264EBI01</subfield></datafield><datafield ind1=" " ind2=" " tag="035"><subfield code="a">(OCoLC)890912711</subfield></datafield><datafield ind1=" " ind2=" " tag="035"><subfield code="a">(EXLNZ-41SLSP_NETWORK)991128495829705501</subfield></datafield><datafield ind1=" " ind2=" " tag="040"><subfield code="a">RERO frbcuc</subfield><subfield code="d">CH-ZuSLS</subfield></datafield><datafield ind1=" " ind2=" " tag="050"><subfield code="a">QA29.L422</subfield><subfield code="b">H47 2015</subfield></datafield><datafield ind1=" " ind2="7" tag="072"><subfield code="a">ma</subfield><subfield code="2">rero</subfield></datafield><datafield ind1="0" ind2="4" tag="082"><subfield code="a">510.92</subfield><subfield code="a">B</subfield><subfield code="2">23</subfield></datafield><datafield ind1=" " ind2=" " tag="084"><subfield code="a">01.20</subfield><subfield code="2">msc</subfield></datafield><datafield ind1="1" ind2=" " tag="100"><subfield code="a">Hersh, Reuben</subfield><subfield code="d">1927-2020</subfield><subfield code="0">(IDREF)029260140</subfield><subfield code="4">cre</subfield></datafield><datafield ind1="1" ind2="0" tag="245"><subfield code="a">Peter Lax, mathematician</subfield><subfield code="b">an illustrated memoir</subfield><subfield code="c">Reuben Hersh</subfield></datafield><datafield ind1=" " ind2="1" tag="264"><subfield code="a">Providence, R.I.</subfield><subfield code="b">American Mathematical Society</subfield><subfield code="c">2015</subfield></datafield><datafield ind1=" " ind2=" " tag="300"><subfield code="a">253 p.</subfield><subfield code="b">ill.</subfield></datafield><datafield ind1=" " ind2=" " tag="336"><subfield code="b">txt</subfield><subfield code="2">rdacontent</subfield></datafield><datafield ind1=" " ind2=" " tag="337"><subfield code="b">n</subfield><subfield code="2">rdamedia</subfield></datafield><datafield ind1=" " ind2=" " tag="338"><subfield code="b">nc</subfield><subfield code="2">rdacarrier</subfield></datafield><datafield ind1=" " ind2=" " tag="504"><subfield code="a">Includes bibliographical references and index</subfield></datafield><datafield ind1="1" ind2="0" tag="600"><subfield code="a">Lax, Peter D</subfield></datafield><datafield ind1="1" ind2="7" tag="600"><subfield code="a">Lax, Peter D.</subfield><subfield code="d">1926-</subfield><subfield code="0">(DE-588)130442437</subfield><subfield code="2">gnd</subfield></datafield><datafield ind1=" " ind2="0" tag="650"><subfield code="a">Mathematicians</subfield><subfield code="z">United States</subfield><subfield code="v">Biography</subfield></datafield><datafield ind1=" " ind2="7" tag="650"><subfield code="a">History and biography -- History of mathematics and mathematicians -- Biographies, obituaries, personalia, bibliographies</subfield><subfield code="2">msc</subfield></datafield><datafield ind1=" " ind2="7" tag="650"><subfield code="a">History and biography -- History of mathematics and mathematicians -- Schools of mathematics</subfield><subfield code="2">msc</subfield></datafield><datafield ind1=" " ind2="7" tag="650"><subfield code="a">Partial differential equations -- General topics -- Propagation of singularities</subfield><subfield code="2">msc</subfield></datafield><datafield ind1=" " ind2="7" tag="650"><subfield code="a">Partial differential equations -- Representations of solutions -- Soliton solutions</subfield><subfield code="2">msc</subfield></datafield><datafield ind1=" " ind2="7" tag="650"><subfield code="a">Partial differential equations -- Hyperbolic equations and systems -- Wave equation</subfield><subfield code="2">msc</subfield></datafield><datafield ind1=" " ind2="7" tag="650"><subfield code="a">Partial differential equations -- Hyperbolic equations and systems -- First-order hyperbolic systems</subfield><subfield code="2">msc</subfield></datafield><datafield ind1=" " ind2="7" tag="650"><subfield code="a">Fluid mechanics -- Shock waves and blast waves -- Shock waves and blast waves</subfield><subfield code="2">msc</subfield></datafield><datafield ind1=" " ind2="7" tag="650"><subfield code="a">Numerical analysis -- Partial differential equations, initial value and time-dependent initial-boundary value problems -- Finite difference methods</subfield><subfield code="2">msc</subfield></datafield><datafield ind1=" " ind2="7" tag="650"><subfield code="a">Partial differential equations -- Equations of mathematical physics and other areas of application -- KdV-like equations (Korteweg-de Vries)</subfield><subfield code="2">msc</subfield></datafield><datafield ind1=" " ind2="7" tag="650"><subfield code="a">ANALYSIS (MATHEMATIK)</subfield><subfield code="9">ger</subfield><subfield code="0">(ETHUDK)000013159</subfield><subfield code="2">ethudk</subfield></datafield><datafield ind1=" " ind2="7" tag="650"><subfield code="a">BIOGRAPHIEN (LEBEN UND WERK)</subfield><subfield code="9">ger</subfield><subfield code="0">(ETHUDK)000036789</subfield><subfield code="2">ethudk</subfield></datafield><datafield ind1=" " ind2="7" tag="650"><subfield code="a">MATHEMATISCHE PHYSIK</subfield><subfield code="9">ger</subfield><subfield code="0">(ETHUDK)000012468</subfield><subfield code="2">ethudk</subfield></datafield><datafield ind1=" " ind2="7" tag="650"><subfield code="a">NUMERISCHE MATHEMATIK UND COMPUTERANWENDUNGEN IN DER MATHEMATIK</subfield><subfield code="9">ger</subfield><subfield code="0">(ETHUDK)000013635</subfield><subfield code="2">ethudk</subfield></datafield><datafield ind1=" " ind2="7" tag="650"><subfield code="a">UNGARN (OSTEUROPA). REPUBLIK UNGARN</subfield><subfield code="9">ger</subfield><subfield code="0">(ETHUDK)000003225</subfield><subfield code="2">ethudk</subfield></datafield><datafield ind1=" " ind2="7" tag="650"><subfield code="a">VEREINIGTE STAATEN VON AMERIKA, USA (NORDAMERIKA)</subfield><subfield code="9">ger</subfield><subfield code="0">(ETHUDK)000007826</subfield><subfield code="2">ethudk</subfield></datafield><datafield ind1="4" ind2=" " tag="856"><subfield code="3">Titelblatt und Inhaltsverzeichnis</subfield><subfield code="u">https://toc.library.ethz.ch/objects/pdf03/e01_978-1-4704-1708-6_01.pdf</subfield><subfield code="q">pdf</subfield></datafield><datafield ind1="4" ind2=" " tag="856"><subfield code="3">Abstract / Autoreninformation</subfield><subfield code="u">https://toc.library.ethz.ch/objects/pdf03/e01_978-1-4704-1708-6_02.pdf</subfield><subfield code="q">pdf</subfield></datafield><datafield ind1=" " ind2=" " tag="911"><subfield code="a">100</subfield><subfield code="a">Hersh, Reuben</subfield><subfield code="d">1927-</subfield></datafield><datafield ind1=" " ind2=" " tag="949"><subfield code="a">https://toc.library.ethz.ch/objects/pdf03/e01_978-1-4704-1708-6_01.pdf</subfield></datafield><datafield ind1=" " ind2=" " tag="949"><subfield code="a">https://toc.library.ethz.ch/objects/pdf03/e01_978-1-4704-1708-6_02.pdf</subfield></datafield></record>
</metadata></record>