<record><header><identifier>oai:alma.41SLSP_UGE:991000037479705502</identifier><datestamp>2024-04-11T00:14:11Z</datestamp><setSpec>uge_bcen_RapidILL_BOOK</setSpec><setSpec>uge_aaca_RapidILL_BOOK</setSpec><setSpec>uge_abels_RapidILL_BOOK</setSpec><setSpec>uge_dbu_RapidILL_BOOK</setSpec><setSpec>uge_cmu_RapidILL_BOOK</setSpec><setSpec>uge_mail_RapidILL_BOOK</setSpec><setSpec>uge_abbat_RapidILL_BOOK</setSpec><setSpec>UNIGE_ALL</setSpec><setSpec>uge_aobs_RapidILL_BOOK</setSpec><setSpec>uge_acar_RapidILL_BOOK</setSpec></header><metadata>
<record xmlns="http://www.loc.gov/MARC21/slim" xmlns:xsi="http://www.w3.org/2001/XMLSchema-instance" xsi:schemaLocation="http://www.loc.gov/MARC21/slim http://www.loc.gov/standards/marcxml/schema/MARC21slim.xsd"><leader>06087nam a2200949 c 4500</leader><controlfield tag="001">991000037479705502</controlfield><controlfield tag="005">20240410141452.0</controlfield><controlfield tag="008">201012s2017    ne       m    00| 0 eng  </controlfield><datafield ind1=" " ind2=" " tag="010"><subfield code="a">2017021293</subfield></datafield><datafield ind1=" " ind2=" " tag="020"><subfield code="z">9789004350540</subfield><subfield code="q">e-book</subfield></datafield><datafield ind1=" " ind2=" " tag="020"><subfield code="a">9789004314238</subfield><subfield code="q">hardback</subfield><subfield code="q">alk. paper</subfield></datafield><datafield ind1=" " ind2=" " tag="020"><subfield code="a">9004314237</subfield><subfield code="q">hbk.</subfield></datafield><datafield ind1=" " ind2=" " tag="035"><subfield code="a">(swissbib)242077439-41slsp_network</subfield></datafield><datafield ind1=" " ind2=" " tag="035"><subfield code="a">242077439</subfield><subfield code="9">ExL</subfield></datafield><datafield ind1=" " ind2=" " tag="035"><subfield code="a">(IDSSG)001003404HSB01</subfield></datafield><datafield ind1=" " ind2=" " tag="035"><subfield code="a">(IDSBB)006699539DSV01</subfield></datafield><datafield ind1=" " ind2=" " tag="035"><subfield code="a">(NEBIS)011167077EBI01</subfield></datafield><datafield ind1=" " ind2=" " tag="035"><subfield code="a">(RERO)R008789369-41slsp</subfield></datafield><datafield ind1=" " ind2=" " tag="035"><subfield code="a">(IDSLU)001291919ILU01</subfield></datafield><datafield ind1=" " ind2=" " tag="035"><subfield code="a">(OCoLC)986523751</subfield></datafield><datafield ind1=" " ind2=" " tag="035"><subfield code="a">(EXLNZ-41SLSP_NETWORK)991040650809705501</subfield></datafield><datafield ind1=" " ind2=" " tag="040"><subfield code="a">DLC</subfield><subfield code="b">ger</subfield><subfield code="e">rda</subfield><subfield code="d">CH-ZuSLS</subfield></datafield><datafield ind1="0" ind2=" " tag="041"><subfield code="a">eng</subfield></datafield><datafield ind1=" " ind2=" " tag="042"><subfield code="a">pcc</subfield></datafield><datafield ind1="0" ind2="0" tag="050"><subfield code="a">K3943</subfield><subfield code="b">.M877 2017</subfield></datafield><datafield ind1=" " ind2="7" tag="072"><subfield code="a">dr</subfield><subfield code="2">rero</subfield></datafield><datafield ind1=" " ind2="7" tag="072"><subfield code="a">811</subfield><subfield code="2">IDS LU</subfield></datafield><datafield ind1="0" ind2="0" tag="082"><subfield code="a">338.1/3</subfield><subfield code="2">23</subfield></datafield><datafield ind1="1" ind2="4" tag="082"><subfield code="a">330</subfield><subfield code="2">15</subfield></datafield><datafield ind1="1" ind2="4" tag="082"><subfield code="a">630</subfield><subfield code="2">15</subfield></datafield><datafield ind1="1" ind2="4" tag="082"><subfield code="a">340</subfield><subfield code="2">15</subfield></datafield><datafield ind1=" " ind2=" " tag="084"><subfield code="a">QS 700</subfield><subfield code="2">rvk</subfield></datafield><datafield ind1=" " ind2=" " tag="084"><subfield code="a">D 26 h</subfield><subfield code="2">cjurrom</subfield></datafield><datafield ind1=" " ind2=" " tag="084"><subfield code="a">D 33 h</subfield><subfield code="2">cjurrom</subfield></datafield><datafield ind1="1" ind2=" " tag="100"><subfield code="a">Musselli, Irène</subfield><subfield code="0">(DE-588)1139729012</subfield><subfield code="e">Verfasser</subfield><subfield code="4">aut</subfield><subfield code="6">880-01</subfield></datafield><datafield ind1="1" ind2=" " tag="880"><subfield code="a">Musselli, Irene</subfield><subfield code="0">(RERO)A006484927</subfield><subfield code="4">cre</subfield><subfield code="6">100-01</subfield></datafield><datafield ind1="1" ind2="0" tag="240"><subfield code="a">Agricultural price stabilisation and trade rules</subfield></datafield><datafield ind1="1" ind2="0" tag="245"><subfield code="a">Agriculture, price stabilisation and trade rules</subfield><subfield code="b">a principled approach</subfield><subfield code="c">by Irene Musselli</subfield></datafield><datafield ind1="1" ind2=" " tag="246"><subfield code="a">Agricultural price stabilisation and trade rules</subfield></datafield><datafield ind1=" " ind2="1" tag="264"><subfield code="a">Leiden</subfield><subfield code="a">Boston</subfield><subfield code="b">Brill Nijhoff</subfield><subfield code="c">[2017]</subfield></datafield><datafield ind1=" " ind2=" " tag="300"><subfield code="a">XVII, 348 Seiten</subfield><subfield code="b">Illustrationen</subfield></datafield><datafield ind1=" " ind2=" " tag="336"><subfield code="b">txt</subfield><subfield code="2">rdacontent</subfield></datafield><datafield ind1=" " ind2=" " tag="337"><subfield code="b">n</subfield><subfield code="2">rdamedia</subfield></datafield><datafield ind1=" " ind2=" " tag="338"><subfield code="b">nc</subfield><subfield code="2">rdacarrier</subfield></datafield><datafield ind1="1" ind2=" " tag="490"><subfield code="a">World Trade Institute advanced studies</subfield><subfield code="v">Volume 3</subfield></datafield><datafield ind1=" " ind2=" " tag="500"><subfield code="a">Überarbeitete Verlags-Ausgabe der Dissertation Univ. Bern mit dem Titel: Agricultural price stabilisation and trade rules - a principled approach</subfield></datafield><datafield ind1=" " ind2=" " tag="500"><subfield code="a">Based on author's thesis with the title: Agricultural price stabilisation and trade rules (Berne, 2016)</subfield></datafield><datafield ind1=" " ind2=" " tag="500"><subfield code="a">Based on author's thesis (Doctoral - Faculty of Law of the University of Bern, within the program of the World Trade Institute), 2016</subfield></datafield><datafield ind1=" " ind2=" " tag="502"><subfield code="b">Dissertation</subfield><subfield code="c">Juristische Fakultät Universität Bern</subfield><subfield code="d">2016</subfield><subfield code="g">(&quot;Revised version&quot;)</subfield></datafield><datafield ind1=" " ind2=" " tag="504"><subfield code="a">Index.</subfield></datafield><datafield ind1=" " ind2=" " tag="504"><subfield code="a">Includes bibliographical references and index</subfield></datafield><datafield ind1="2" ind2="7" tag="610"><subfield code="a">Organisation mondiale du commerce</subfield><subfield code="0">(IDREF)032375824</subfield><subfield code="2">idref</subfield></datafield><datafield ind1=" " ind2="7" tag="650"><subfield code="a">Internationales Wirtschaftsrecht</subfield><subfield code="0">(DE-588)4027461-5</subfield><subfield code="2">gnd</subfield></datafield><datafield ind1=" " ind2="7" tag="650"><subfield code="a">Außenwirtschaftsverkehr</subfield><subfield code="0">(DE-588)4138754-5</subfield><subfield code="2">gnd</subfield></datafield><datafield ind1=" " ind2="7" tag="650"><subfield code="a">Agrarpreis</subfield><subfield code="0">(DE-588)4141644-2</subfield><subfield code="2">gnd</subfield></datafield><datafield ind1=" " ind2="7" tag="650"><subfield code="a">Droit international</subfield><subfield code="0">(IDREF)050627597</subfield><subfield code="2">idref</subfield></datafield><datafield ind1=" " ind2="7" tag="650"><subfield code="a">Relations économiques internationales</subfield><subfield code="0">(IDREF)027323161</subfield><subfield code="2">idref</subfield></datafield><datafield ind1=" " ind2="7" tag="650"><subfield code="a">Agriculture</subfield><subfield code="0">(IDREF)027269892</subfield><subfield code="2">idref</subfield></datafield><datafield ind1=" " ind2="7" tag="650"><subfield code="a">Prix</subfield><subfield code="0">(IDREF)027728897</subfield><subfield code="2">idref</subfield></datafield><datafield ind1=" " ind2="7" tag="650"><subfield code="a">Concurrence internationale</subfield><subfield code="0">(IDREF)027466213</subfield><subfield code="2">idref</subfield></datafield><datafield ind1=" " ind2="7" tag="650"><subfield code="a">Außenwirtschaftsrecht</subfield><subfield code="0">(DE-588)4003858-0</subfield><subfield code="2">gnd</subfield></datafield><datafield ind1=" " ind2="7" tag="650"><subfield code="a">Agrarpreispolitik</subfield><subfield code="0">(DE-588)4120849-3</subfield><subfield code="2">gnd</subfield></datafield><datafield ind1=" " ind2="0" tag="650"><subfield code="a">Agricultural prices</subfield><subfield code="x">Government policy</subfield></datafield><datafield ind1=" " ind2="7" tag="650"><subfield code="a">Ernährungssicherung</subfield><subfield code="0">(DE-588)4152826-8</subfield><subfield code="2">gnd</subfield></datafield><datafield ind1=" " ind2="0" tag="650"><subfield code="a">Foreign trade regulation</subfield></datafield><datafield ind1=" " ind2="7" tag="650"><subfield code="a">Rohstoffwirtschaft</subfield><subfield code="0">(DE-588)4050434-7</subfield><subfield code="2">gnd</subfield></datafield><datafield ind1=" " ind2="7" tag="655"><subfield code="a">Hochschulschrift</subfield><subfield code="2">gnd-content</subfield></datafield><datafield ind1=" " ind2="7" tag="655"><subfield code="a">Thèses et écrits académiques</subfield><subfield code="0">(IDREF)027253139</subfield><subfield code="2">idref</subfield></datafield><datafield ind1=" " ind2=" " tag="690"><subfield code="a">Bewertung; administrierter Preis; Rohstoffpreis; Agrarpreis; Kontrolle; Abkommen; Regel; Exportbeschränkung; Landwirtschaft; Preisentwicklung; Forschung; Führung; politische Reform; Rohstoffmarkt; Kriterium; Prinzip; Einkauf; Kosten; Debatte; Deckplatte; Konferenz; Straftat; Verhandlungen; Software; Volatilität; Commodity</subfield><subfield code="2">idssg-J</subfield></datafield><datafield ind1=" " ind2=" " tag="690"><subfield code="a">Handelsregel; Neubewertung; Prozessführung; Agrarrohstoffpreis; Betriebsprinzip; Handlungskriterium; Warenkontrollabkommen; Warenkontrollvereinbarung; Warenpreis; Preisaktion; Produktabdeckung; Rechtsetzung; Stabilisierungsdebatte; Überprüfungssitzung; Forschungsübersicht; Informationsquelle; Literaturverzeichnis; Preisvolatilität; Schlüsselkonzept; Foodeinkauf; Forschungsdesign; Implementierungsweg; Kontextlese; Marketingboard; Markteingriff; Preisbandsystem; Sackgasse; Schnappschuss; Serieneditor; Staatspraxis; Stabilisierungspolitik</subfield><subfield code="2">idssg-J</subfield></datafield><datafield ind1=" " ind2=" " tag="690"><subfield code="a">multilaterales Handlungskriterium; neuer Ansatz; wichtige Frage; armes Land; handelspolitische Frage; handelspolitische Trajektorie; historische Überprüfung; inhärente Volatilität; inländischer Plan; inländische Stabilisierungspolitik; inländische Vereinbarung; interdisziplinärer Aspekt; internationales System; junge Preisentwicklung; konzeptionelle Grundlage; landwirtschaftlicher Exportieren; landwirtschaftliche Preisvolatilität; multilaterale Maßnahme; neoliberale Agenda; normativer Ansatz; normatives Ziel; prinzipieller Ansatz; prinzipientreuer Ansatz; rechtlicher Ansatz; rechtliche Grundlage; rechtlicher Rahmen; regulatorische Antwort; sozioökonomische Kosten; vereinbartes Handlungskriterium; wichtige Warenkontrollvereinbarung; zwischenstaatliches Warenkontrollabkommen</subfield><subfield code="2">idssg-J</subfield></datafield><datafield ind1=" " ind2=" " tag="690"><subfield code="a">Entwicklungsländer C0DEVE; Kuba C5CUBA; Niederlande C4EUNE; Vereinigte Staaten C1USA; Schweiz C4EXSI; Kenia C6KENY</subfield><subfield code="2">idssg-J</subfield></datafield><datafield ind1=" " ind2=" " tag="690"><subfield code="a">Ansatz Landwirtschaft Preisstabilisierung; Bill Ein; Farm Bills Ein Schnappschuss; Havanna Charter Framework; Irene Musselli; Managed Trade; Market Based Interlude; Warenpreis Handelspolitische Trajektorien</subfield><subfield code="2">idssg-J</subfield></datafield><datafield ind1=" " ind2=" " tag="691"><subfield code="e">PD 26</subfield><subfield code="2">rzs-L1</subfield></datafield><datafield ind1=" " ind2=" " tag="691"><subfield code="e">PD 33</subfield><subfield code="2">rzs-L1</subfield></datafield><datafield ind1="0" ind2="8" tag="776"><subfield code="i">Online-Ausgabe</subfield><subfield code="t">Agriculture, price stabilisation and trade rules</subfield></datafield><datafield ind1="4" ind2=" " tag="856"><subfield code="3">Titelblatt und Inhaltsverzeichnis</subfield><subfield code="u">https://toc.library.ethz.ch/objects/pdf03/z16_978-90-04-31423-8_01.pdf</subfield><subfield code="q">pdf</subfield></datafield><datafield ind1=" " ind2=" " tag="830"><subfield code="a">World Trade Institute advanced studies</subfield><subfield code="v">3</subfield><subfield code="w">(IDSBB)006629187DSV01</subfield></datafield><datafield ind1=" " ind2=" " tag="900"><subfield code="a">IDSDSStoppsignal FRED</subfield></datafield><datafield ind1=" " ind2=" " tag="900"><subfield code="a">IDSZ2zbzmon201809l</subfield><subfield code="c">IDSZ2gehm</subfield><subfield code="d">IDSZ2zbzswk201902b</subfield><subfield code="e">IDSZ2stet</subfield></datafield><datafield ind1=" " ind2=" " tag="900"><subfield code="a">IDSZ2rwimon201804p</subfield><subfield code="c">IDSZ2paru</subfield><subfield code="d">IDSZ2rwiswk201806g</subfield><subfield code="e">IDSZ2basc</subfield><subfield code="x">b</subfield></datafield><datafield ind1=" " ind2=" " tag="900"><subfield code="a">REROnoselfmerge</subfield></datafield><datafield ind1=" " ind2=" " tag="949"><subfield code="a">https://toc.library.ethz.ch/objects/pdf03/z16_978-90-04-31423-8_01.pdf</subfield></datafield></record>
</metadata></record>