<record><header><identifier>oai:alma.41SLSP_UGE:991000037379705502</identifier><datestamp>2023-03-01T01:09:10Z</datestamp><setSpec>uge_bcen_RapidILL_BOOK</setSpec><setSpec>uge_aaca_RapidILL_BOOK</setSpec><setSpec>uge_abels_RapidILL_BOOK</setSpec><setSpec>uge_dbu_RapidILL_BOOK</setSpec><setSpec>uge_cmu_RapidILL_BOOK</setSpec><setSpec>uge_mail_RapidILL_BOOK</setSpec><setSpec>uge_abbat_RapidILL_BOOK</setSpec><setSpec>UNIGE_ALL</setSpec><setSpec>uge_acar_RapidILL_BOOK</setSpec><setSpec>uge_aobs_RapidILL_BOOK</setSpec></header><metadata>
<record xmlns="http://www.loc.gov/MARC21/slim" xmlns:xsi="http://www.w3.org/2001/XMLSchema-instance" xsi:schemaLocation="http://www.loc.gov/MARC21/slim http://www.loc.gov/standards/marcxml/schema/MARC21slim.xsd"><leader>01987nam a2200529 c 4500</leader><controlfield tag="001">991000037379705502</controlfield><controlfield tag="005">20230227195743.0</controlfield><controlfield tag="008">201011t19621962gw            00| | ger d</controlfield><datafield ind1=" " ind2=" " tag="019"><subfield code="a">Datenimport aus BIBDIA ZB Solothurn</subfield><subfield code="5">IDSBB/09.01.2019/A150/bmt</subfield></datafield><datafield ind1="7" ind2=" " tag="024"><subfield code="a">http://catalogue.bnf.fr/ark:/12148/cb33150808z</subfield><subfield code="2">uri</subfield></datafield><datafield ind1=" " ind2=" " tag="035"><subfield code="a">(swissbib)218190425-41slsp_network</subfield></datafield><datafield ind1=" " ind2=" " tag="035"><subfield code="a">218190425</subfield><subfield code="9">ExL</subfield></datafield><datafield ind1=" " ind2=" " tag="035"><subfield code="a">(IDSBB)000564877DSV01</subfield></datafield><datafield ind1=" " ind2=" " tag="035"><subfield code="a">(RERO)0693803-41slsp</subfield></datafield><datafield ind1=" " ind2=" " tag="035"><subfield code="a">(IDSBB)006961716DSV01</subfield></datafield><datafield ind1=" " ind2=" " tag="035"><subfield code="a">(NEBIS)008835086EBI01</subfield></datafield><datafield ind1=" " ind2=" " tag="035"><subfield code="a">(IDSSG)000476191HSB01</subfield></datafield><datafield ind1=" " ind2=" " tag="035"><subfield code="a">(EXLNZ-41SLSP_NETWORK)991142009599705501</subfield></datafield><datafield ind1=" " ind2=" " tag="040"><subfield code="a">SzZuIDS BS/BE A252</subfield><subfield code="b">ger</subfield><subfield code="e">rda</subfield><subfield code="d">CH-ZuSLS</subfield></datafield><datafield ind1=" " ind2="7" tag="072"><subfield code="a">th</subfield><subfield code="2">SzZuIDS BS/BE</subfield></datafield><datafield ind1=" " ind2="7" tag="072"><subfield code="a">lc</subfield><subfield code="2">rero</subfield></datafield><datafield ind1="1" ind2="4" tag="082"><subfield code="a">891.8</subfield><subfield code="2">15</subfield></datafield><datafield ind1=" " ind2=" " tag="084"><subfield code="a">GK 4984</subfield><subfield code="2">rvk</subfield></datafield><datafield ind1=" " ind2=" " tag="084"><subfield code="a">KI 3531</subfield><subfield code="2">rvk</subfield></datafield><datafield ind1="1" ind2=" " tag="100"><subfield code="a">Rehm, Walther</subfield><subfield code="d">1901-1963</subfield><subfield code="0">(DE-588)119522357</subfield><subfield code="e">Verfasser</subfield><subfield code="4">aut</subfield><subfield code="6">880-01</subfield></datafield><datafield ind1="1" ind2=" " tag="880"><subfield code="6">100-01</subfield><subfield code="a">Rehm, Walther</subfield><subfield code="d">1901-1963</subfield><subfield code="0">(IDREF)034986871</subfield><subfield code="4">cre</subfield></datafield><datafield ind1="1" ind2="0" tag="245"><subfield code="a">Jean Paul - Dostojewski</subfield><subfield code="b">eine Studie zur dichterischen Gestaltung des Unglaubens</subfield><subfield code="c">Walther Rehm</subfield></datafield><datafield ind1=" " ind2="1" tag="264"><subfield code="a">Göttingen</subfield><subfield code="b">Vandenhoeck &amp; Ruprecht</subfield><subfield code="c">[1962]</subfield></datafield><datafield ind1=" " ind2="4" tag="264"><subfield code="c">© 1962</subfield></datafield><datafield ind1=" " ind2=" " tag="300"><subfield code="a">108 Seiten</subfield><subfield code="c">21 cm</subfield></datafield><datafield ind1=" " ind2=" " tag="336"><subfield code="b">txt</subfield><subfield code="2">rdacontent</subfield></datafield><datafield ind1=" " ind2=" " tag="337"><subfield code="b">n</subfield><subfield code="2">rdamedia</subfield></datafield><datafield ind1=" " ind2=" " tag="338"><subfield code="b">nc</subfield><subfield code="2">rdacarrier</subfield></datafield><datafield ind1="0" ind2=" " tag="490"><subfield code="a">Kleine Vandenhoeck-Reihe</subfield><subfield code="v">149/150</subfield></datafield><datafield ind1="1" ind2="7" tag="600"><subfield code="a">Dostoevskij, Fedor Michajlovič</subfield><subfield code="x">Religion</subfield><subfield code="2">idsbb</subfield></datafield><datafield ind1="0" ind2="7" tag="600"><subfield code="a">Jean Paul</subfield><subfield code="x">Religion</subfield><subfield code="2">idsbb</subfield></datafield><datafield ind1="0" ind2="7" tag="600"><subfield code="a">Jean Paul</subfield><subfield code="d">1763-1825</subfield><subfield code="0">(DE-588)118557211</subfield><subfield code="2">gnd</subfield></datafield><datafield ind1="1" ind2="7" tag="600"><subfield code="a">Dostoïevski, Fedor Mikhailovitch</subfield><subfield code="d">1821-1881</subfield><subfield code="0">(IDREF)02683572X</subfield><subfield code="2">idref</subfield></datafield><datafield ind1="1" ind2="7" tag="600"><subfield code="a">Jean Paul</subfield><subfield code="d">1763-1825</subfield><subfield code="0">(IDREF)027099598</subfield><subfield code="2">idref</subfield></datafield><datafield ind1="0" ind2="4" tag="600"><subfield code="a">Paul, Jean</subfield></datafield><datafield ind1="0" ind2="4" tag="600"><subfield code="a">Dostoevskij, Fedor M</subfield></datafield><datafield ind1="1" ind2="7" tag="600"><subfield code="a">Dostoevskij, Fëdor Michajlovič</subfield><subfield code="d">1821-1881</subfield><subfield code="0">(DE-588)118527053</subfield><subfield code="2">gnd</subfield></datafield><datafield ind1=" " ind2="7" tag="650"><subfield code="a">Glaube</subfield><subfield code="0">(DE-588)4071867-0</subfield><subfield code="2">gnd</subfield></datafield><datafield ind1=" " ind2="7" tag="650"><subfield code="a">Unglaube</subfield><subfield code="0">(DE-588)4186882-1</subfield><subfield code="2">gnd</subfield></datafield><datafield ind1=" " ind2="7" tag="650"><subfield code="a">Athéisme</subfield><subfield code="0">(IDREF)02729966X</subfield><subfield code="2">idref</subfield></datafield><datafield ind1=" " ind2=" " tag="900"><subfield code="a">IDSBBnoselfmerge</subfield></datafield><datafield ind1=" " ind2=" " tag="900"><subfield code="a">REROnoselfmerge</subfield></datafield><datafield ind1=" " ind2=" " tag="900"><subfield code="f">IDSU2medea</subfield></datafield></record>
</metadata></record>