<record><header><identifier>oai:alma.41SLSP_UGE:991000037899705502</identifier><datestamp>2023-03-01T01:09:10Z</datestamp><setSpec>uge_bcen_RapidILL_BOOK</setSpec><setSpec>uge_aaca_RapidILL_BOOK</setSpec><setSpec>uge_abels_RapidILL_BOOK</setSpec><setSpec>uge_dbu_RapidILL_BOOK</setSpec><setSpec>uge_cmu_RapidILL_BOOK</setSpec><setSpec>uge_mail_RapidILL_BOOK</setSpec><setSpec>UNIGE_ALL</setSpec><setSpec>uge_abbat_RapidILL_BOOK</setSpec><setSpec>uge_acar_RapidILL_BOOK</setSpec><setSpec>uge_aobs_RapidILL_BOOK</setSpec></header><metadata>
<record xmlns="http://www.loc.gov/MARC21/slim" xmlns:xsi="http://www.w3.org/2001/XMLSchema-instance" xsi:schemaLocation="http://www.loc.gov/MARC21/slim http://www.loc.gov/standards/marcxml/schema/MARC21slim.xsd"><leader>01120nam a2200325 c 4500</leader><controlfield tag="001">991000037899705502</controlfield><controlfield tag="005">20201227172344.0</controlfield><controlfield tag="008">191114s2014    mx b     b    000 0 spa d</controlfield><datafield ind1=" " ind2=" " tag="020"><subfield code="a">9786074626469</subfield></datafield><datafield ind1=" " ind2=" " tag="035"><subfield code="a">(swissbib)126099146-41slsp_network</subfield></datafield><datafield ind1=" " ind2=" " tag="035"><subfield code="a">126099146</subfield><subfield code="9">ExL</subfield></datafield><datafield ind1=" " ind2=" " tag="035"><subfield code="a">(RERO)R008986380-41slsp</subfield></datafield><datafield ind1=" " ind2=" " tag="035"><subfield code="a">(EXLNZ-41SLSP_NETWORK)991112755429705501</subfield></datafield><datafield ind1=" " ind2=" " tag="040"><subfield code="a">DLC</subfield><subfield code="b">eng</subfield><subfield code="e">rda</subfield><subfield code="d">CH-ZuSLS</subfield></datafield><datafield ind1="0" ind2="0" tag="050"><subfield code="a">F1621</subfield><subfield code="b">.N37 2014</subfield></datafield><datafield ind1=" " ind2="7" tag="072"><subfield code="a">hg</subfield><subfield code="2">rero</subfield></datafield><datafield ind1="0" ind2="0" tag="082"><subfield code="a">972.9</subfield><subfield code="2">23</subfield></datafield><datafield ind1="1" ind2=" " tag="100"><subfield code="a">Naranjo Orovio, Consuelo</subfield><subfield code="d">1959-....</subfield><subfield code="0">(IDREF)029807239</subfield><subfield code="4">aut</subfield></datafield><datafield ind1="1" ind2="0" tag="245"><subfield code="a">Historia mínima de las Antillas hispanas y británicas</subfield><subfield code="c">Consuelo Naranjo Orovio</subfield></datafield><datafield ind1="1" ind2=" " tag="246"><subfield code="a">Historia mínima de las Antillas</subfield></datafield><datafield ind1=" " ind2=" " tag="250"><subfield code="a">Primera edición.</subfield></datafield><datafield ind1=" " ind2="1" tag="264"><subfield code="a">México, D.F.</subfield><subfield code="b">El Colegio de México</subfield><subfield code="c">2014</subfield></datafield><datafield ind1=" " ind2=" " tag="300"><subfield code="a">343 pages</subfield><subfield code="b">ill.</subfield><subfield code="c">21 cm</subfield></datafield><datafield ind1=" " ind2=" " tag="336"><subfield code="b">txt</subfield><subfield code="2">rdacontent</subfield></datafield><datafield ind1=" " ind2=" " tag="337"><subfield code="b">n</subfield><subfield code="2">rdamedia</subfield></datafield><datafield ind1=" " ind2=" " tag="338"><subfield code="b">nc</subfield><subfield code="2">rdacarrier</subfield></datafield><datafield ind1=" " ind2=" " tag="500"><subfield code="a">&quot;Centro de Estudios Históricos&quot;--Page facing title page</subfield></datafield><datafield ind1=" " ind2=" " tag="504"><subfield code="a">Includes bibliographical references (pages 335-343)</subfield></datafield><datafield ind1=" " ind2="0" tag="651"><subfield code="a">West Indies</subfield><subfield code="x">History</subfield></datafield><datafield ind1=" " ind2=" " tag="900"><subfield code="a">REROnoselfmerge</subfield></datafield><datafield ind1=" " ind2=" " tag="910"><subfield code="a">LOC</subfield><subfield code="b">20191114</subfield><subfield code="c">Réutilisation sous conditions</subfield></datafield></record>
</metadata></record>