<record><header><identifier>oai:alma.41SLSP_UGE:991000037709705502</identifier><datestamp>2023-07-18T00:14:41Z</datestamp><setSpec>uge_bcen_RapidILL_BOOK</setSpec><setSpec>uge_aaca_RapidILL_BOOK</setSpec><setSpec>uge_abels_RapidILL_BOOK</setSpec><setSpec>uge_dbu_RapidILL_BOOK</setSpec><setSpec>uge_cmu_RapidILL_BOOK</setSpec><setSpec>uge_mail_RapidILL_BOOK</setSpec><setSpec>uge_abbat_RapidILL_BOOK</setSpec><setSpec>UNIGE_ALL</setSpec><setSpec>uge_aobs_RapidILL_BOOK</setSpec><setSpec>uge_acar_RapidILL_BOOK</setSpec></header><metadata>
<record xmlns="http://www.loc.gov/MARC21/slim" xmlns:xsi="http://www.w3.org/2001/XMLSchema-instance" xsi:schemaLocation="http://www.loc.gov/MARC21/slim http://www.loc.gov/standards/marcxml/schema/MARC21slim.xsd"><leader>01547nam a2200337 c 4500</leader><controlfield tag="001">991000037709705502</controlfield><controlfield tag="005">20230717112258.0</controlfield><controlfield tag="008">950808s1993    fr ||||| |||| 00| ||fre d</controlfield><datafield ind1=" " ind2=" " tag="020"><subfield code="a">2850765414</subfield></datafield><datafield ind1="7" ind2=" " tag="024"><subfield code="a">http://catalogue.bnf.fr/ark:/12148/cb355594336</subfield><subfield code="2">uri</subfield></datafield><datafield ind1=" " ind2=" " tag="035"><subfield code="a">(swissbib)090223675-41slsp_network</subfield></datafield><datafield ind1=" " ind2=" " tag="035"><subfield code="a">090223675</subfield><subfield code="9">ExL</subfield></datafield><datafield ind1=" " ind2=" " tag="035"><subfield code="a">(RERO)2059109-41slsp</subfield></datafield><datafield ind1=" " ind2=" " tag="035"><subfield code="a">(EXLNZ-41SLSP_NETWORK)991080800389705501</subfield></datafield><datafield ind1=" " ind2=" " tag="040"><subfield code="a">RERO nebpun</subfield><subfield code="d">CH-ZuSLS</subfield></datafield><datafield ind1="1" ind2=" " tag="041"><subfield code="a">fre</subfield><subfield code="h">eng</subfield></datafield><datafield ind1=" " ind2="7" tag="072"><subfield code="a">th</subfield><subfield code="2">rero</subfield></datafield><datafield ind1="1" ind2=" " tag="100"><subfield code="a">Barclay, Robert</subfield><subfield code="d">1648-1690</subfield><subfield code="0">(IDREF)030409446</subfield><subfield code="4">cre</subfield></datafield><datafield ind1="1" ind2="0" tag="245"><subfield code="a">&lt;&lt;La&gt;&gt; lumière intérieure, source de vie</subfield><subfield code="b">apologie de la vraie théologie chrétienne telle qu'elle est professée et prêchée par ce peuple appelé par mépris les Quakers (1675)</subfield><subfield code="c">Robert Barclay ; introd., trad. de larges extraits et notes par Georges Liens ; ouvrage réalisé sous la dir. de Jeanne Henriette Louis</subfield></datafield><datafield ind1=" " ind2="1" tag="264"><subfield code="a">Paris</subfield><subfield code="b">Ed. Dervy</subfield><subfield code="c">1992 (dépôt légal 1993)</subfield></datafield><datafield ind1=" " ind2=" " tag="300"><subfield code="a">415 p.</subfield><subfield code="b">fac-sim.</subfield><subfield code="c">24 cm</subfield></datafield><datafield ind1=" " ind2=" " tag="336"><subfield code="b">txt</subfield><subfield code="2">rdacontent</subfield></datafield><datafield ind1=" " ind2=" " tag="337"><subfield code="b">n</subfield><subfield code="2">rdamedia</subfield></datafield><datafield ind1=" " ind2=" " tag="338"><subfield code="b">nc</subfield><subfield code="2">rdacarrier</subfield></datafield><datafield ind1="1" ind2=" " tag="490"><subfield code="a">Mystiques et religions</subfield></datafield><datafield ind1=" " ind2=" " tag="500"><subfield code="a">Traduit de: An apology for the true Christian divinity, as the same is held forth, and preached, by the people called, in scorn, Quakers</subfield></datafield><datafield ind1=" " ind2="7" tag="650"><subfield code="a">Quakers</subfield><subfield code="0">(IDREF)027677850</subfield><subfield code="2">idref</subfield></datafield><datafield ind1=" " ind2="7" tag="655"><subfield code="a">[document]</subfield><subfield code="2">rerovoc</subfield><subfield code="0">(RERO)A010182398</subfield></datafield><datafield ind1="1" ind2=" " tag="700"><subfield code="a">Liens, Georges</subfield><subfield code="d">19..-....</subfield><subfield code="0">(IDREF)056935706</subfield></datafield><datafield ind1="1" ind2=" " tag="700"><subfield code="a">Louis, Jeanne Henriette</subfield><subfield code="0">(IDREF)028807588</subfield><subfield code="4">edt</subfield></datafield><datafield ind1=" " ind2="0" tag="830"><subfield code="a">Mystiques et religions</subfield><subfield code="w">(RERO)1491650-41slsp</subfield></datafield><datafield ind1=" " ind2=" " tag="900"><subfield code="a">REROnoselfmerge</subfield></datafield></record>
</metadata></record>